<record><header><identifier>oai:alma.41SLSP_UGE:991000797819705502</identifier><datestamp>2023-06-30T00:19:02Z</datestamp><setSpec>uge_bcen_RapidILL_BOOK</setSpec><setSpec>uge_aaca_RapidILL_BOOK</setSpec><setSpec>uge_abels_RapidILL_BOOK</setSpec><setSpec>uge_dbu_RapidILL_BOOK</setSpec><setSpec>uge_cmu_RapidILL_BOOK</setSpec><setSpec>uge_mail_RapidILL_BOOK</setSpec><setSpec>uge_abbat_RapidILL_BOOK</setSpec><setSpec>UNIGE_ALL</setSpec><setSpec>uge_aobs_RapidILL_BOOK</setSpec><setSpec>uge_acar_RapidILL_BOOK</setSpec></header><metadata>
<record xmlns="http://www.loc.gov/MARC21/slim" xmlns:xsi="http://www.w3.org/2001/XMLSchema-instance" xsi:schemaLocation="http://www.loc.gov/MARC21/slim http://www.loc.gov/standards/marcxml/schema/MARC21slim.xsd"><leader>01963naa a2200385 c 4500</leader><controlfield tag="001">991000797819705502</controlfield><controlfield tag="005">20230629193618.0</controlfield><controlfield tag="008">120629s2012    sz ||||| |||| 00| ||fre d</controlfield><datafield ind1=" " ind2=" " tag="035"><subfield code="a">(swissbib)116126736-41slsp_network</subfield></datafield><datafield ind1=" " ind2=" " tag="035"><subfield code="a">116126736</subfield><subfield code="9">ExL</subfield></datafield><datafield ind1=" " ind2=" " tag="035"><subfield code="a">(RERO)R007095900-41slsp</subfield></datafield><datafield ind1=" " ind2=" " tag="035"><subfield code="a">(EXLNZ-41SLSP_NETWORK)991004930269705501</subfield></datafield><datafield ind1=" " ind2=" " tag="040"><subfield code="a">RERO iftfla</subfield><subfield code="d">CH-ZuSLS</subfield></datafield><datafield ind1=" " ind2=" " tag="044"><subfield code="a">sz</subfield><subfield code="c">ch-be</subfield></datafield><datafield ind1=" " ind2="7" tag="072"><subfield code="a">dr</subfield><subfield code="2">rero</subfield></datafield><datafield ind1=" " ind2=" " tag="084"><subfield code="a">CA/CH 38.3 i</subfield><subfield code="2">cjurrom</subfield></datafield><datafield ind1=" " ind2=" " tag="084"><subfield code="a">CA/CH 37 i</subfield><subfield code="2">cjurrom</subfield></datafield><datafield ind1="1" ind2=" " tag="100"><subfield code="a">Barzé, Liselotte</subfield><subfield code="0">(RERO)A021641182</subfield><subfield code="4">cre</subfield></datafield><datafield ind1="1" ind2="0" tag="245"><subfield code="a">&lt;&lt;La&gt;&gt; pratique de l'Office fédéral des migrations (ODM) en matière de persécutions liées au genre</subfield><subfield code="c">Liselotte Barzé</subfield></datafield><datafield ind1=" " ind2=" " tag="336"><subfield code="b">txt</subfield><subfield code="2">rdacontent</subfield></datafield><datafield ind1=" " ind2=" " tag="337"><subfield code="b">n</subfield><subfield code="2">rdamedia</subfield></datafield><datafield ind1=" " ind2=" " tag="338"><subfield code="b">nc</subfield><subfield code="2">rdacarrier</subfield></datafield><datafield ind1=" " ind2=" " tag="580"><subfield code="a">In: Persécutions liées au genre. - Berne : Weblaw, 2012. - P. 67-108</subfield></datafield><datafield ind1=" " ind2="7" tag="650"><subfield code="a">Asylpolitik</subfield><subfield code="9">ger</subfield><subfield code="0">(RERO)jurivoc000001900ger</subfield><subfield code="2">jurivoc</subfield></datafield><datafield ind1=" " ind2="7" tag="650"><subfield code="a">Asylrecht</subfield><subfield code="9">ger</subfield><subfield code="0">(RERO)jurivoc000001901ger</subfield><subfield code="2">jurivoc</subfield></datafield><datafield ind1=" " ind2="7" tag="650"><subfield code="a">Flüchtling</subfield><subfield code="9">ger</subfield><subfield code="0">(RERO)jurivoc000008476ger</subfield><subfield code="2">jurivoc</subfield></datafield><datafield ind1=" " ind2="7" tag="650"><subfield code="a">Verfolgung</subfield><subfield code="9">ger</subfield><subfield code="0">(RERO)jurivoc000024436ger</subfield><subfield code="2">jurivoc</subfield></datafield><datafield ind1=" " ind2="7" tag="650"><subfield code="a">Frau</subfield><subfield code="9">ger</subfield><subfield code="0">(RERO)jurivoc000008692ger</subfield><subfield code="2">jurivoc</subfield></datafield><datafield ind1=" " ind2="7" tag="650"><subfield code="a">Homosexualität</subfield><subfield code="9">ger</subfield><subfield code="0">(RERO)jurivoc000011343ger</subfield><subfield code="2">jurivoc</subfield></datafield><datafield ind1=" " ind2="7" tag="650"><subfield code="a">Menschenhandel</subfield><subfield code="9">ger</subfield><subfield code="0">(RERO)jurivoc000014919ger</subfield><subfield code="2">jurivoc</subfield></datafield><datafield ind1=" " ind2="7" tag="650"><subfield code="a">Gemeinschaftsrecht</subfield><subfield code="9">ger</subfield><subfield code="0">(RERO)jurivoc000009467ger</subfield><subfield code="2">jurivoc</subfield></datafield><datafield ind1=" " ind2="7" tag="650"><subfield code="a">Gerichts- und Verwaltungspraxis</subfield><subfield code="9">ger</subfield><subfield code="0">(RERO)jurivoc000009624ger</subfield><subfield code="2">jurivoc</subfield></datafield><datafield ind1=" " ind2="7" tag="650"><subfield code="a">Asylrekurskommission</subfield><subfield code="9">ger</subfield><subfield code="0">(RERO)jurivoc000001902ger</subfield><subfield code="2">jurivoc</subfield></datafield><datafield ind1=" " ind2="7" tag="650"><subfield code="a">Staatssekretariat für Migration</subfield><subfield code="9">ger</subfield><subfield code="0">(RERO)jurivoc000050277ger</subfield><subfield code="2">jurivoc</subfield></datafield><datafield ind1=" " ind2="7" tag="651"><subfield code="a">Schweiz</subfield><subfield code="9">ger</subfield><subfield code="0">(RERO)jurivoc000019912ger</subfield><subfield code="2">jurivoc</subfield></datafield><datafield ind1="0" ind2=" " tag="773"><subfield code="t">Geschlechtsspezifische Verfolgung : die schweizerische Praxis vor dem Hintergrund der europäischen und globalen Entwicklungen = Persécutions liées au genre : la pratique suisse au regard des évolutions européennes et globales</subfield><subfield code="g">67</subfield><subfield code="w">(RERO)R007056107-41slsp</subfield></datafield></record>
</metadata></record>