<record><header><identifier>oai:alma.41SLSP_UGE:991000798029705502</identifier><datestamp>2023-03-01T01:10:03Z</datestamp><setSpec>uge_bcen_RapidILL_BOOK</setSpec><setSpec>uge_aaca_RapidILL_BOOK</setSpec><setSpec>uge_abels_RapidILL_BOOK</setSpec><setSpec>uge_dbu_RapidILL_BOOK</setSpec><setSpec>uge_cmu_RapidILL_BOOK</setSpec><setSpec>uge_mail_RapidILL_BOOK</setSpec><setSpec>UNIGE_ALL</setSpec><setSpec>uge_abbat_RapidILL_BOOK</setSpec><setSpec>uge_aobs_RapidILL_BOOK</setSpec><setSpec>uge_acar_RapidILL_BOOK</setSpec></header><metadata>
<record xmlns="http://www.loc.gov/MARC21/slim" xmlns:xsi="http://www.w3.org/2001/XMLSchema-instance" xsi:schemaLocation="http://www.loc.gov/MARC21/slim http://www.loc.gov/standards/marcxml/schema/MARC21slim.xsd"><leader>02039nam a2200313 c 4500</leader><controlfield tag="001">991000798029705502</controlfield><controlfield tag="005">20230224185441.0</controlfield><controlfield tag="008">040616s2003    sy ||||| |||| 00| ||ara d</controlfield><datafield ind1=" " ind2=" " tag="020"><subfield code="a">9163133326</subfield></datafield><datafield ind1=" " ind2=" " tag="035"><subfield code="a">(swissbib)100702538-41slsp_network</subfield></datafield><datafield ind1=" " ind2=" " tag="035"><subfield code="a">100702538</subfield><subfield code="9">ExL</subfield></datafield><datafield ind1=" " ind2=" " tag="035"><subfield code="a">(RERO)R003653354-41slsp</subfield></datafield><datafield ind1=" " ind2=" " tag="035"><subfield code="a">(EXLNZ-41SLSP_NETWORK)991134808489705501</subfield></datafield><datafield ind1=" " ind2=" " tag="040"><subfield code="a">RERO geueti</subfield><subfield code="d">CH-ZuSLS</subfield></datafield><datafield ind1=" " ind2="7" tag="072"><subfield code="a">lg</subfield><subfield code="2">rero</subfield></datafield><datafield ind1="1" ind2=" " tag="100"><subfield code="6">880-01</subfield><subfield code="a">Rašīd, ʿAbd al-Wahhāb Ḥamīd</subfield><subfield code="0">(IDREF)07108021X</subfield><subfield code="4">cre</subfield></datafield><datafield ind1="1" ind2=" " tag="880"><subfield code="6">100-01/(3/r</subfield><subfield code="a">رشيد، عبد الوهاب حميد</subfield></datafield><datafield ind1="1" ind2="0" tag="245"><subfield code="6">880-02</subfield><subfield code="a">&lt;&lt;al-&gt;&gt;Taḥawwul al-dīmuqrāṭī wa-al-mujtamaʿ al-madanī</subfield><subfield code="c">ʿAbd al-Wahhāb Ḥamīd Rashīd</subfield></datafield><datafield ind1="1" ind2="0" tag="880"><subfield code="6">245-02/(3/r</subfield><subfield code="a">&lt;&lt;ال&gt;&gt;تحول الديمقراطي والمجتمع المدني</subfield><subfield code="c">عبد الوهاب حميد رشيد</subfield></datafield><datafield ind1="1" ind2=" " tag="246"><subfield code="a">Taḥawul ad-dīmuqrāṭī wa al-muǧtamaʿ al-madanī / ʿAbd Al-Wahāb Ḥamīd Rašīd</subfield></datafield><datafield ind1=" " ind2="1" tag="264"><subfield code="6">880-03</subfield><subfield code="a">Damas</subfield><subfield code="b">Dār al-madā lit-taqāfa wa an-našr</subfield><subfield code="c">2003</subfield></datafield><datafield ind1=" " ind2="1" tag="880"><subfield code="6">264-03/(3/r</subfield><subfield code="a">دمشق</subfield><subfield code="b">دار المدى للثقافة والنشر</subfield><subfield code="c">2003</subfield></datafield><datafield ind1=" " ind2=" " tag="300"><subfield code="a">182 p.</subfield><subfield code="c">22 cm</subfield></datafield><datafield ind1=" " ind2=" " tag="336"><subfield code="b">txt</subfield><subfield code="2">rdacontent</subfield></datafield><datafield ind1=" " ind2=" " tag="337"><subfield code="b">n</subfield><subfield code="2">rdamedia</subfield></datafield><datafield ind1=" " ind2=" " tag="338"><subfield code="b">nc</subfield><subfield code="2">rdacarrier</subfield></datafield><datafield ind1=" " ind2=" " tag="500"><subfield code="a">Traduction du titre : Démocratisation et société civile</subfield></datafield><datafield ind1=" " ind2="7" tag="650"><subfield code="a">Démocratisation</subfield><subfield code="0">(IDREF)050808699</subfield><subfield code="2">idref</subfield></datafield><datafield ind1=" " ind2="7" tag="650"><subfield code="a">Régimes politiques</subfield><subfield code="0">(IDREF)030518563</subfield><subfield code="2">idref</subfield></datafield><datafield ind1=" " ind2=" " tag="900"><subfield code="a">REROnoselfmerge</subfield></datafield></record>
</metadata></record>