<record><header><identifier>oai:alma.41SLSP_UGE:991000798139705502</identifier><datestamp>2023-06-30T00:17:52Z</datestamp><setSpec>uge_bcen_RapidILL_BOOK</setSpec><setSpec>uge_aaca_RapidILL_BOOK</setSpec><setSpec>uge_abels_RapidILL_BOOK</setSpec><setSpec>uge_dbu_RapidILL_BOOK</setSpec><setSpec>uge_cmu_RapidILL_BOOK</setSpec><setSpec>uge_mail_RapidILL_BOOK</setSpec><setSpec>uge_abbat_RapidILL_BOOK</setSpec><setSpec>UNIGE_ALL</setSpec><setSpec>uge_aobs_RapidILL_BOOK</setSpec><setSpec>uge_acar_RapidILL_BOOK</setSpec></header><metadata>
<record xmlns="http://www.loc.gov/MARC21/slim" xmlns:xsi="http://www.w3.org/2001/XMLSchema-instance" xsi:schemaLocation="http://www.loc.gov/MARC21/slim http://www.loc.gov/standards/marcxml/schema/MARC21slim.xsd"><leader>01615naa a2200361 c 4500</leader><controlfield tag="001">991000798139705502</controlfield><controlfield tag="005">20230629192519.0</controlfield><controlfield tag="008">130312s2013    sz ||||| |||| 10| ||ger d</controlfield><datafield ind1=" " ind2=" " tag="035"><subfield code="a">(swissbib)117103675-41slsp_network</subfield></datafield><datafield ind1=" " ind2=" " tag="035"><subfield code="a">117103675</subfield><subfield code="9">ExL</subfield></datafield><datafield ind1=" " ind2=" " tag="035"><subfield code="a">(RERO)R007255736-41slsp</subfield></datafield><datafield ind1=" " ind2=" " tag="035"><subfield code="a">(EXLNZ-41SLSP_NETWORK)991016715929705501</subfield></datafield><datafield ind1=" " ind2=" " tag="040"><subfield code="a">RERO geubfd</subfield><subfield code="d">CH-ZuSLS</subfield></datafield><datafield ind1=" " ind2=" " tag="044"><subfield code="a">sz</subfield><subfield code="c">ch-zh</subfield></datafield><datafield ind1=" " ind2="7" tag="072"><subfield code="a">dr</subfield><subfield code="2">rero</subfield></datafield><datafield ind1=" " ind2=" " tag="084"><subfield code="a">CA/CH 40.1 i</subfield><subfield code="2">cjurrom</subfield></datafield><datafield ind1=" " ind2=" " tag="084"><subfield code="a">CA/CH 40.2 i</subfield><subfield code="2">cjurrom</subfield></datafield><datafield ind1="1" ind2=" " tag="100"><subfield code="a">Waldmann, Bernhard</subfield><subfield code="d">1968-....</subfield><subfield code="0">(IDREF)257668667</subfield><subfield code="4">aut</subfield></datafield><datafield ind1="1" ind2="0" tag="245"><subfield code="a">Grundsätze und Maximen in der Verwaltungsrechtspflege</subfield><subfield code="c">Bernhard Waldmann</subfield></datafield><datafield ind1=" " ind2=" " tag="336"><subfield code="b">txt</subfield><subfield code="2">rdacontent</subfield></datafield><datafield ind1=" " ind2=" " tag="337"><subfield code="b">n</subfield><subfield code="2">rdamedia</subfield></datafield><datafield ind1=" " ind2=" " tag="338"><subfield code="b">nc</subfield><subfield code="2">rdacarrier</subfield></datafield><datafield ind1=" " ind2=" " tag="580"><subfield code="a">In: Brennpunkte im Verwaltungsprozess. - Zürich : Schulthess, 2013. - S. 1-25</subfield></datafield><datafield ind1=" " ind2="7" tag="650"><subfield code="a">Verwaltungs- und Verwaltungsgerichtsverfahren</subfield><subfield code="9">ger</subfield><subfield code="0">(RERO)jurivoc000025342ger</subfield><subfield code="2">jurivoc</subfield></datafield><datafield ind1=" " ind2="7" tag="650"><subfield code="a">Verfahrensgrundsatz</subfield><subfield code="9">ger</subfield><subfield code="0">(RERO)jurivoc000024373ger</subfield><subfield code="2">jurivoc</subfield></datafield><datafield ind1=" " ind2="7" tag="650"><subfield code="a">Dispositionsmaxime</subfield><subfield code="9">ger</subfield><subfield code="0">(RERO)jurivoc000005715ger</subfield><subfield code="2">jurivoc</subfield></datafield><datafield ind1=" " ind2="7" tag="650"><subfield code="a">Untersuchungsmaxime</subfield><subfield code="9">ger</subfield><subfield code="0">(RERO)jurivoc000023937ger</subfield><subfield code="2">jurivoc</subfield></datafield><datafield ind1=" " ind2="7" tag="650"><subfield code="a">Offizialmaxime</subfield><subfield code="9">ger</subfield><subfield code="0">(RERO)jurivoc000016472ger</subfield><subfield code="2">jurivoc</subfield></datafield><datafield ind1=" " ind2="7" tag="650"><subfield code="a">Rechtsanwendung</subfield><subfield code="9">ger</subfield><subfield code="0">(RERO)jurivoc000018314ger</subfield><subfield code="2">jurivoc</subfield></datafield><datafield ind1=" " ind2="7" tag="650"><subfield code="a">Rügeprinzip</subfield><subfield code="9">ger</subfield><subfield code="0">(RERO)jurivoc000019181ger</subfield><subfield code="2">jurivoc</subfield></datafield><datafield ind1=" " ind2="7" tag="650"><subfield code="a">Eventualmaxime</subfield><subfield code="9">ger</subfield><subfield code="0">(RERO)jurivoc000007817ger</subfield><subfield code="2">jurivoc</subfield></datafield><datafield ind1=" " ind2="7" tag="650"><subfield code="a">Bundesrecht</subfield><subfield code="9">ger</subfield><subfield code="0">(RERO)jurivoc000004898ger</subfield><subfield code="2">jurivoc</subfield></datafield><datafield ind1=" " ind2="7" tag="651"><subfield code="a">Schweiz</subfield><subfield code="9">ger</subfield><subfield code="0">(RERO)jurivoc000019912ger</subfield><subfield code="2">jurivoc</subfield></datafield><datafield ind1="0" ind2=" " tag="773"><subfield code="t">Brennpunkte im Verwaltungsprozess</subfield><subfield code="g">1</subfield><subfield code="w">(RERO)R007243386-41slsp</subfield></datafield></record>
</metadata></record>