<record><header><identifier>oai:alma.41SLSP_UGE:991000797929705502</identifier><datestamp>2024-04-27T00:11:33Z</datestamp><setSpec>uge_bcen_RapidILL_BOOK</setSpec><setSpec>uge_aaca_RapidILL_BOOK</setSpec><setSpec>uge_abels_RapidILL_BOOK</setSpec><setSpec>uge_dbu_RapidILL_BOOK</setSpec><setSpec>uge_cmu_RapidILL_BOOK</setSpec><setSpec>uge_mail_RapidILL_BOOK</setSpec><setSpec>uge_abbat_RapidILL_BOOK</setSpec><setSpec>UNIGE_ALL</setSpec><setSpec>uge_aobs_RapidILL_BOOK</setSpec><setSpec>uge_acar_RapidILL_BOOK</setSpec></header><metadata>
<record xmlns="http://www.loc.gov/MARC21/slim" xmlns:xsi="http://www.w3.org/2001/XMLSchema-instance" xsi:schemaLocation="http://www.loc.gov/MARC21/slim http://www.loc.gov/standards/marcxml/schema/MARC21slim.xsd"><leader>02224nam a2200589 c 4500</leader><controlfield tag="001">991000797929705502</controlfield><controlfield tag="005">20240426132821.0</controlfield><controlfield tag="008">201012s1923    gw ||||| |||| 00| ||ger d</controlfield><datafield ind1="7" ind2=" " tag="024"><subfield code="a">http://catalogue.bnf.fr/ark:/12148/cb314905891</subfield><subfield code="2">uri</subfield></datafield><datafield ind1=" " ind2=" " tag="035"><subfield code="a">(swissbib)235606944-41slsp_network</subfield></datafield><datafield ind1=" " ind2=" " tag="035"><subfield code="a">235606944</subfield><subfield code="9">ExL</subfield></datafield><datafield ind1=" " ind2=" " tag="035"><subfield code="a">(RERO)1755831-41slsp</subfield></datafield><datafield ind1=" " ind2=" " tag="035"><subfield code="a">(IDSBB)000544176DSV01</subfield></datafield><datafield ind1=" " ind2=" " tag="035"><subfield code="a">(NEBIS)001280868EBI01</subfield></datafield><datafield ind1=" " ind2=" " tag="035"><subfield code="a">(EXLNZ-41SLSP_NETWORK)991126255399705501</subfield></datafield><datafield ind1=" " ind2=" " tag="040"><subfield code="a">RERO geulsa</subfield><subfield code="d">CH-ZuSLS</subfield></datafield><datafield ind1="0" ind2=" " tag="041"><subfield code="a">ger</subfield><subfield code="a">chu</subfield></datafield><datafield ind1=" " ind2="7" tag="072"><subfield code="a">lg</subfield><subfield code="2">rero</subfield></datafield><datafield ind1=" " ind2="7" tag="072"><subfield code="a">ru</subfield><subfield code="2">rero</subfield></datafield><datafield ind1=" " ind2="7" tag="072"><subfield code="a">ip</subfield><subfield code="2">SzZuIDS BS/BE</subfield></datafield><datafield ind1=" " ind2="7" tag="072"><subfield code="a">sl</subfield><subfield code="2">SzZuIDS BS/BE</subfield></datafield><datafield ind1=" " ind2=" " tag="084"><subfield code="a">AH 41800</subfield><subfield code="2">rvk</subfield></datafield><datafield ind1=" " ind2=" " tag="084"><subfield code="a">EU 390</subfield><subfield code="2">rvk</subfield></datafield><datafield ind1=" " ind2=" " tag="084"><subfield code="a">KC 1605</subfield><subfield code="2">rvk</subfield></datafield><datafield ind1="1" ind2=" " tag="100"><subfield code="6">880-01</subfield><subfield code="a">Trautmann, Reinhold</subfield><subfield code="d">1883-1951</subfield><subfield code="0">(DE-588)118760750</subfield></datafield><datafield ind1="1" ind2=" " tag="880"><subfield code="6">100-01</subfield><subfield code="a">Trautmann, Reinhold</subfield><subfield code="0">(RERO)A003908903</subfield><subfield code="4">cre</subfield></datafield><datafield ind1="1" ind2="0" tag="245"><subfield code="a">Baltisch-slavisches Wörterbuch</subfield><subfield code="c">von Reinhold Trautmann</subfield></datafield><datafield ind1=" " ind2="1" tag="264"><subfield code="a">Göttingen</subfield><subfield code="b">Vandenhoeck &amp; Ruprecht</subfield><subfield code="c">1923</subfield></datafield><datafield ind1=" " ind2=" " tag="300"><subfield code="a">VIII, 382 p.</subfield><subfield code="c">23 cm</subfield></datafield><datafield ind1=" " ind2=" " tag="336"><subfield code="b">txt</subfield><subfield code="2">rdacontent</subfield></datafield><datafield ind1=" " ind2=" " tag="337"><subfield code="b">n</subfield><subfield code="2">rdamedia</subfield></datafield><datafield ind1=" " ind2=" " tag="338"><subfield code="b">nc</subfield><subfield code="2">rdacarrier</subfield></datafield><datafield ind1="1" ind2=" " tag="490"><subfield code="a">Göttinger Sammlung indogermanischer Grammatiken und Wörterbücher</subfield></datafield><datafield ind1=" " ind2=" " tag="504"><subfield code="a">Literaturverz.</subfield></datafield><datafield ind1=" " ind2="7" tag="650"><subfield code="a">Letton (langue)</subfield><subfield code="0">(IDREF)02725772X</subfield><subfield code="2">idref</subfield></datafield><datafield ind1=" " ind2="7" tag="650"><subfield code="a">Lituanien (langue)</subfield><subfield code="0">(IDREF)030965705</subfield><subfield code="2">idref</subfield></datafield><datafield ind1=" " ind2="7" tag="650"><subfield code="a">Langues indo-européennes</subfield><subfield code="0">(IDREF)027236293</subfield><subfield code="2">idref</subfield></datafield><datafield ind1=" " ind2="7" tag="650"><subfield code="a">Langues slaves</subfield><subfield code="0">(IDREF)027236331</subfield><subfield code="2">idref</subfield></datafield><datafield ind1=" " ind2="7" tag="650"><subfield code="a">Langues baltes</subfield><subfield code="0">(IDREF)033211752</subfield><subfield code="2">idref</subfield></datafield><datafield ind1=" " ind2="7" tag="650"><subfield code="a">Vieux prussien (langue)</subfield><subfield code="0">(IDREF)027637433</subfield><subfield code="2">idref</subfield></datafield><datafield ind1=" " ind2="7" tag="650"><subfield code="a">Baltische Sprachen</subfield><subfield code="v">Wörterbuch (mehrsprachig)</subfield><subfield code="2">idsbb</subfield></datafield><datafield ind1=" " ind2="7" tag="650"><subfield code="a">Baltische Sprachen</subfield><subfield code="0">(DE-588)4120149-8</subfield><subfield code="2">gnd</subfield></datafield><datafield ind1=" " ind2="7" tag="650"><subfield code="a">Etymologie</subfield><subfield code="0">(DE-588)4015640-0</subfield><subfield code="2">gnd</subfield></datafield><datafield ind1=" " ind2="7" tag="650"><subfield code="a">Slawische Sprachen</subfield><subfield code="0">(DE-588)4120036-6</subfield><subfield code="2">gnd</subfield></datafield><datafield ind1=" " ind2="7" tag="650"><subfield code="a">Baltische Sprachen</subfield><subfield code="2">idszbz</subfield></datafield><datafield ind1=" " ind2="7" tag="650"><subfield code="a">Deutsch</subfield><subfield code="2">idszbz</subfield></datafield><datafield ind1=" " ind2="7" tag="650"><subfield code="a">Slawische Sprachen</subfield><subfield code="2">idszbz</subfield></datafield><datafield ind1=" " ind2="7" tag="655"><subfield code="a">Dictionnaires</subfield><subfield code="0">(IDREF)027232050</subfield><subfield code="2">idref</subfield></datafield><datafield ind1=" " ind2="7" tag="655"><subfield code="a">Wörterbuch</subfield><subfield code="2">gnd-content</subfield></datafield><datafield ind1=" " ind2="7" tag="655"><subfield code="a">Wörterbuch</subfield><subfield code="2">idszbz</subfield></datafield><datafield ind1=" " ind2="0" tag="830"><subfield code="a">Göttinger Sammlung indogermanischer Grammatiken und Wörterbücher</subfield><subfield code="w">(IDSBB)004944212DSV01</subfield></datafield><datafield ind1=" " ind2=" " tag="900"><subfield code="d">IDSZ2zbzswk200001b</subfield><subfield code="e">IDSZ2lima</subfield></datafield><datafield ind1=" " ind2=" " tag="900"><subfield code="f">IDSU2medea</subfield></datafield></record>
</metadata></record>