<record><header><identifier>oai:alma.41SLSP_UGE:991000797699705502</identifier><datestamp>2023-03-01T01:10:03Z</datestamp><setSpec>uge_bcen_RapidILL_BOOK</setSpec><setSpec>uge_aaca_RapidILL_BOOK</setSpec><setSpec>uge_abels_RapidILL_BOOK</setSpec><setSpec>uge_dbu_RapidILL_BOOK</setSpec><setSpec>uge_cmu_RapidILL_BOOK</setSpec><setSpec>uge_mail_RapidILL_BOOK</setSpec><setSpec>UNIGE_ALL</setSpec><setSpec>uge_abbat_RapidILL_BOOK</setSpec><setSpec>uge_aobs_RapidILL_BOOK</setSpec><setSpec>uge_acar_RapidILL_BOOK</setSpec></header><metadata>
<record xmlns="http://www.loc.gov/MARC21/slim" xmlns:xsi="http://www.w3.org/2001/XMLSchema-instance" xsi:schemaLocation="http://www.loc.gov/MARC21/slim http://www.loc.gov/standards/marcxml/schema/MARC21slim.xsd"><leader>02329nam a2200553uc 4500</leader><controlfield tag="001">991000797699705502</controlfield><controlfield tag="005">20230116192507.0</controlfield><controlfield tag="008">201011t19961996gw            10| | ger d</controlfield><datafield ind1=" " ind2=" " tag="015"><subfield code="a">96,N47,0048</subfield></datafield><datafield ind1=" " ind2=" " tag="020"><subfield code="a">387088939X</subfield><subfield code="q">kart.</subfield></datafield><datafield ind1=" " ind2=" " tag="035"><subfield code="a">(swissbib)218285124-41slsp_network</subfield></datafield><datafield ind1=" " ind2=" " tag="035"><subfield code="a">218285124</subfield><subfield code="9">ExL</subfield></datafield><datafield ind1=" " ind2=" " tag="035"><subfield code="a">(IDSBB)001346359DSV01</subfield></datafield><datafield ind1=" " ind2=" " tag="035"><subfield code="a">(RERO)R250864060-41slsp</subfield></datafield><datafield ind1=" " ind2=" " tag="035"><subfield code="a">(IDSLU)000157881ILU01</subfield></datafield><datafield ind1=" " ind2=" " tag="035"><subfield code="a">(NEBIS)001705764EBI01</subfield></datafield><datafield ind1=" " ind2=" " tag="035"><subfield code="a">(EXLNZ-41SLSP_NETWORK)991142318679705501</subfield></datafield><datafield ind1=" " ind2=" " tag="040"><subfield code="a">SzZuIDS BS/BE B400</subfield><subfield code="b">ger</subfield><subfield code="e">kids</subfield><subfield code="d">CH-ZuSLS</subfield></datafield><datafield ind1=" " ind2="7" tag="072"><subfield code="a">th</subfield><subfield code="2">SzZuIDS BS/BE</subfield></datafield><datafield ind1=" " ind2="7" tag="072"><subfield code="a">th</subfield><subfield code="2">rero</subfield></datafield><datafield ind1=" " ind2="7" tag="072"><subfield code="a">740</subfield><subfield code="2">IDS LU</subfield></datafield><datafield ind1="0" ind2="0" tag="082"><subfield code="a">230/.092</subfield><subfield code="2">21</subfield></datafield><datafield ind1="0" ind2="4" tag="082"><subfield code="a">230 .092</subfield><subfield code="2">21</subfield></datafield><datafield ind1=" " ind2=" " tag="084"><subfield code="a">BN 2988</subfield><subfield code="2">rvk</subfield></datafield><datafield ind1="0" ind2="0" tag="245"><subfield code="a">Johann Adam Möhler (1796-1838) Kirchenvater der Moderne</subfield><subfield code="c">im Auftrag des Johann-Adam-Möhler-Instituts herausgegeben von Harald Wagner</subfield></datafield><datafield ind1="1" ind2=" " tag="246"><subfield code="a">Kirchenvater der Moderne</subfield></datafield><datafield ind1=" " ind2="1" tag="264"><subfield code="a">Paderborn</subfield><subfield code="b">Bonifacius</subfield><subfield code="c">1996</subfield></datafield><datafield ind1=" " ind2="4" tag="264"><subfield code="c">© 1996</subfield></datafield><datafield ind1=" " ind2=" " tag="300"><subfield code="a">208 p.</subfield><subfield code="c">22 cm</subfield></datafield><datafield ind1=" " ind2=" " tag="336"><subfield code="b">txt</subfield><subfield code="2">rdacontent</subfield></datafield><datafield ind1=" " ind2=" " tag="337"><subfield code="b">n</subfield><subfield code="2">rdamedia</subfield></datafield><datafield ind1=" " ind2=" " tag="338"><subfield code="b">nc</subfield><subfield code="2">rdacarrier</subfield></datafield><datafield ind1="1" ind2=" " tag="490"><subfield code="a">Konfessionskundliche Schriften des Johann-Adam-Möhler-Instituts</subfield><subfield code="v">Nr. 20</subfield></datafield><datafield ind1=" " ind2=" " tag="500"><subfield code="a">Referate eines Symposions, das vom 18.-20. März 1996 anlässlich des 200. Geburtstages von Johann Adam Möhler in Paderborn stattfand</subfield></datafield><datafield ind1="1" ind2="7" tag="600"><subfield code="a">Möhler, Johann Adam</subfield><subfield code="v">Kongressbericht</subfield><subfield code="2">idsbb</subfield></datafield><datafield ind1="1" ind2="7" tag="600"><subfield code="a">Möhler, Johann Adam</subfield><subfield code="d">1796-1838</subfield><subfield code="0">(IDREF)02865689X</subfield><subfield code="2">idref</subfield></datafield><datafield ind1="1" ind2="7" tag="600"><subfield code="a">Möhler, Johann Adam</subfield><subfield code="d">1796-1838</subfield><subfield code="0">(DE-588)118582992</subfield><subfield code="2">gnd</subfield></datafield><datafield ind1="1" ind2="7" tag="600"><subfield code="a">Möhler, Johann A</subfield><subfield code="2">idszbz</subfield></datafield><datafield ind1="1" ind2="0" tag="600"><subfield code="a">Möhler, Johann Adam</subfield><subfield code="d">1796-1838</subfield><subfield code="v">Congresses</subfield></datafield><datafield ind1=" " ind2="7" tag="655"><subfield code="a">Konferenzschrift</subfield><subfield code="z">Paderborn</subfield><subfield code="y">1995</subfield><subfield code="2">gnd-content</subfield></datafield><datafield ind1=" " ind2="7" tag="655"><subfield code="a">Actes de congrès</subfield><subfield code="0">(IDREF)02886431X</subfield><subfield code="2">idref</subfield></datafield><datafield ind1=" " ind2="7" tag="655"><subfield code="a">Biographie</subfield><subfield code="2">idszbz</subfield></datafield><datafield ind1=" " ind2=" " tag="690"><subfield code="a">Möhler, Johann Adam, B: Biographie &amp; Werk</subfield><subfield code="2">rzs-L1</subfield></datafield><datafield ind1=" " ind2=" " tag="690"><subfield code="a">Theologie, k., B: Möhler, Johann Adam</subfield><subfield code="2">rzs-L1</subfield></datafield><datafield ind1="1" ind2=" " tag="700"><subfield code="a">Möhler, Johann Adam</subfield><subfield code="d">1796-1838</subfield><subfield code="0">(DE-588)118582992</subfield></datafield><datafield ind1="1" ind2=" " tag="700"><subfield code="a">Wagner, Harald</subfield><subfield code="d">1944-2016</subfield><subfield code="0">(DE-588)124618782</subfield><subfield code="6">880-02</subfield></datafield><datafield ind1="1" ind2=" " tag="880"><subfield code="a">Wagner, Harald</subfield><subfield code="d">1944-2016</subfield><subfield code="0">(RERO)A026562973</subfield><subfield code="6">700-02</subfield></datafield><datafield ind1="2" ind2=" " tag="710"><subfield code="a">Johann-Adam-Möhler-Institut für Ökumenik</subfield><subfield code="0">(DE-588)2035644-4</subfield></datafield><datafield ind1=" " ind2=" " tag="830"><subfield code="a">Konfessionskundliche Schriften des Johann-Adam-Möhler-Instituts</subfield><subfield code="v">20</subfield><subfield code="w">(RERO)0605664-41slsp</subfield></datafield><datafield ind1=" " ind2=" " tag="900"><subfield code="a">REROnoselfmerge</subfield></datafield></record>
</metadata></record>