<record><header><identifier>oai:alma.41SLSP_UGE:991000798219705502</identifier><datestamp>2024-07-30T00:08:53Z</datestamp><setSpec>uge_bcen_RapidILL_BOOK</setSpec><setSpec>uge_aaca_RapidILL_BOOK</setSpec><setSpec>uge_abels_RapidILL_BOOK</setSpec><setSpec>uge_dbu_RapidILL_BOOK</setSpec><setSpec>uge_cmu_RapidILL_BOOK</setSpec><setSpec>uge_mail_RapidILL_BOOK</setSpec><setSpec>uge_abbat_RapidILL_BOOK</setSpec><setSpec>UNIGE_ALL</setSpec><setSpec>uge_aobs_RapidILL_BOOK</setSpec><setSpec>uge_acar_RapidILL_BOOK</setSpec></header><metadata>
<record xmlns="http://www.loc.gov/MARC21/slim" xmlns:xsi="http://www.w3.org/2001/XMLSchema-instance" xsi:schemaLocation="http://www.loc.gov/MARC21/slim http://www.loc.gov/standards/marcxml/schema/MARC21slim.xsd"><leader>03399nam a2200841 c 4500</leader><controlfield tag="001">991000798219705502</controlfield><controlfield tag="005">20240308213525.0</controlfield><controlfield tag="008">201012s1968    sz            00| | ger|d</controlfield><datafield ind1="7" ind2=" " tag="024"><subfield code="a">http://catalogue.bnf.fr/ark:/12148/cb35176516w</subfield><subfield code="2">uri</subfield></datafield><datafield ind1=" " ind2=" " tag="035"><subfield code="a">(swissbib)234181125-41slsp_network</subfield></datafield><datafield ind1=" " ind2=" " tag="035"><subfield code="a">234181125</subfield><subfield code="9">ExL</subfield></datafield><datafield ind1=" " ind2=" " tag="035"><subfield code="a">(IDSLU)001251378ILU01</subfield></datafield><datafield ind1=" " ind2=" " tag="035"><subfield code="a">(RERO)0252659-41slsp</subfield></datafield><datafield ind1=" " ind2=" " tag="035"><subfield code="a">(NEBIS)001421238EBI01</subfield></datafield><datafield ind1=" " ind2=" " tag="035"><subfield code="a">(IDSBB)000557496DSV01</subfield></datafield><datafield ind1=" " ind2=" " tag="035"><subfield code="a">(IDSSG)000447781HSB01</subfield></datafield><datafield ind1=" " ind2=" " tag="035"><subfield code="a">(ABN)000455300ABN01</subfield></datafield><datafield ind1=" " ind2=" " tag="035"><subfield code="a">(ALEX)bv9925913981201791</subfield></datafield><datafield ind1=" " ind2=" " tag="035"><subfield code="a">(EXLNZ-41SLSP_NETWORK)991041388719705501</subfield></datafield><datafield ind1=" " ind2=" " tag="040"><subfield code="a">ETH-FSK</subfield><subfield code="b">ger</subfield><subfield code="e">rda</subfield><subfield code="d">CH-ZuSLS</subfield></datafield><datafield ind1=" " ind2=" " tag="044"><subfield code="a">sz</subfield><subfield code="c">ch-zh</subfield></datafield><datafield ind1=" " ind2="7" tag="072"><subfield code="a">ht</subfield><subfield code="2">rero</subfield></datafield><datafield ind1=" " ind2="7" tag="072"><subfield code="a">po</subfield><subfield code="2">SzZuIDS BS/BE</subfield></datafield><datafield ind1="0" ind2="4" tag="082"><subfield code="a">331.8929494</subfield><subfield code="b">S34w</subfield></datafield><datafield ind1="1" ind2="4" tag="082"><subfield code="a">320</subfield><subfield code="2">15</subfield></datafield><datafield ind1="1" ind2=" " tag="100"><subfield code="a">Schmid-Ammann, Paul</subfield><subfield code="d">1900-1984</subfield><subfield code="6">880-01</subfield><subfield code="0">(DE-588)118608649</subfield><subfield code="e">Verfasser</subfield><subfield code="4">aut</subfield></datafield><datafield ind1="1" ind2=" " tag="880"><subfield code="6">100-01</subfield><subfield code="a">Schmid-Ammann, Paul</subfield><subfield code="d">1900-1984</subfield><subfield code="0">(IDREF)155930818</subfield><subfield code="4">cre</subfield></datafield><datafield ind1="1" ind2="0" tag="245"><subfield code="a">&lt;&lt;Die&gt;&gt; Wahrheit über den Generalstreik von 1918</subfield><subfield code="b">seine Ursachen, sein Verlauf, seine Folgen</subfield><subfield code="c">Paul Schmid-Ammann</subfield></datafield><datafield ind1=" " ind2="1" tag="264"><subfield code="a">Zürich</subfield><subfield code="b">Morgarten Verlag</subfield><subfield code="c">[1968]</subfield></datafield><datafield ind1=" " ind2="4" tag="264"><subfield code="c">© 1968</subfield></datafield><datafield ind1=" " ind2=" " tag="300"><subfield code="a">439 p.</subfield><subfield code="c">20 cm</subfield></datafield><datafield ind1=" " ind2=" " tag="336"><subfield code="b">txt</subfield><subfield code="2">rdacontent</subfield></datafield><datafield ind1=" " ind2=" " tag="337"><subfield code="b">n</subfield><subfield code="2">rdamedia</subfield></datafield><datafield ind1=" " ind2=" " tag="338"><subfield code="b">nc</subfield><subfield code="2">rdacarrier</subfield></datafield><datafield ind1=" " ind2=" " tag="500"><subfield code="a">&quot;Im Auftrage des Schweizerischen Gewerkschaftsbundes verfasst&quot;</subfield></datafield><datafield ind1=" " ind2=" " tag="500"><subfield code="a">Enthält: Zitatenhinweise; Quellen- und Literaturverzeichnis; bio-bibliographische Angaben über den Verfasser auf Einband</subfield></datafield><datafield ind1=" " ind2="7" tag="648"><subfield code="a">Geschichte 1900-1950</subfield><subfield code="2">idszbz</subfield></datafield><datafield ind1=" " ind2="7" tag="648"><subfield code="a">Geschichte 1918</subfield><subfield code="2">idszbz</subfield></datafield><datafield ind1=" " ind2="4" tag="648"><subfield code="a">Geschichte 1918</subfield></datafield><datafield ind1=" " ind2="7" tag="648"><subfield code="a">Geschichte 1918</subfield><subfield code="2">gnd</subfield></datafield><datafield ind1=" " ind2="7" tag="650"><subfield code="a">1918</subfield><subfield code="2">rero</subfield></datafield><datafield ind1=" " ind2="7" tag="650"><subfield code="a">Grèves générales</subfield><subfield code="0">(IDREF)027863093</subfield><subfield code="2">idref</subfield></datafield><datafield ind1=" " ind2="0" tag="650"><subfield code="a">General Strike, Switzerland, 1918</subfield></datafield><datafield ind1=" " ind2="7" tag="650"><subfield code="a">Streik</subfield><subfield code="2">idszbz</subfield></datafield><datafield ind1=" " ind2="7" tag="650"><subfield code="a">GESCHICHTE</subfield><subfield code="9">ger</subfield><subfield code="0">(ETHUDK)000036805</subfield><subfield code="2">ethudk</subfield></datafield><datafield ind1=" " ind2="7" tag="650"><subfield code="a">POLITISCHER STREIK (INNENPOLITIK)</subfield><subfield code="9">ger</subfield><subfield code="0">(ETHUDK)000010167</subfield><subfield code="2">ethudk</subfield></datafield><datafield ind1=" " ind2="7" tag="650"><subfield code="a">SCHWEIZ (MITTELEUROPA). SCHWEIZERISCHE EIDGENOSSENSCHAFT</subfield><subfield code="9">ger</subfield><subfield code="0">(ETHUDK)000004571</subfield><subfield code="2">ethudk</subfield></datafield><datafield ind1=" " ind2="7" tag="650"><subfield code="a">&quot;1918&quot;</subfield><subfield code="2">ethudk</subfield></datafield><datafield ind1=" " ind2="4" tag="650"><subfield code="a">Generalstreik</subfield></datafield><datafield ind1=" " ind2="7" tag="650"><subfield code="a">Generalstreik</subfield><subfield code="0">(DE-588)4156597-6</subfield><subfield code="2">gnd</subfield></datafield><datafield ind1=" " ind2="7" tag="650"><subfield code="a">Arbeitskonflikt</subfield><subfield code="0">(DE-STW)11339-6</subfield><subfield code="2">stw</subfield></datafield><datafield ind1=" " ind2="7" tag="650"><subfield code="a">Sozialgeschichte</subfield><subfield code="0">(DE-STW)15723-6</subfield><subfield code="2">stw</subfield></datafield><datafield ind1=" " ind2="7" tag="651"><subfield code="a">Suisse</subfield><subfield code="0">(IDREF)027249654</subfield><subfield code="2">idref</subfield></datafield><datafield ind1=" " ind2="7" tag="651"><subfield code="a">Schweiz</subfield><subfield code="2">idszbz</subfield></datafield><datafield ind1=" " ind2="4" tag="651"><subfield code="a">Schweiz</subfield></datafield><datafield ind1=" " ind2="7" tag="651"><subfield code="a">Schweiz</subfield><subfield code="0">(DE-588)4053881-3</subfield><subfield code="2">gnd</subfield></datafield><datafield ind1=" " ind2=" " tag="690"><subfield code="a">Generalstreik 1918. Schweiz. A.D.</subfield><subfield code="2">rzs-L1</subfield></datafield><datafield ind1=" " ind2=" " tag="690"><subfield code="a">Schweiz. Geschichte. N.Z. 20. Jh., B: Generalstreik 1918</subfield><subfield code="2">rzs-L1</subfield></datafield><datafield ind1=" " ind2=" " tag="690"><subfield code="a">Schweiz, Generalstreik 1918</subfield><subfield code="2">rzs-KK</subfield></datafield><datafield ind1=" " ind2=" " tag="690"><subfield code="a">Schweiz</subfield><subfield code="2">uzb-UH</subfield></datafield><datafield ind1=" " ind2=" " tag="690"><subfield code="a">Arbeiterbewegung</subfield><subfield code="2">uzb-UH</subfield></datafield><datafield ind1=" " ind2=" " tag="690"><subfield code="a">Sozialgeschichte</subfield><subfield code="2">uzb-UH</subfield></datafield><datafield ind1=" " ind2=" " tag="690"><subfield code="a">Schweiz : Arbeiterbewegung</subfield><subfield code="2">uzb-UL</subfield></datafield><datafield ind1=" " ind2=" " tag="690"><subfield code="a">Schweiz : Geschichte</subfield><subfield code="2">uzb-UL</subfield></datafield><datafield ind1=" " ind2=" " tag="690"><subfield code="a">95.04</subfield><subfield code="d">Geschichte einzelner Länder: Texte</subfield><subfield code="2">uzb-VA</subfield></datafield><datafield ind1=" " ind2=" " tag="690"><subfield code="a">94.13</subfield><subfield code="d">Neuzeit: 1. Weltkrieg (1914) bis Gegenwart</subfield><subfield code="2">uzb-VA</subfield></datafield><datafield ind1=" " ind2=" " tag="690"><subfield code="a">Schweiz. Landesstreik</subfield><subfield code="2">ubs-AF</subfield></datafield><datafield ind1=" " ind2=" " tag="690"><subfield code="a">Zimmerwald</subfield><subfield code="2">ubs-AF</subfield></datafield><datafield ind1=" " ind2=" " tag="690"><subfield code="a">Kiental</subfield><subfield code="2">ubs-AF</subfield></datafield><datafield ind1="4" ind2=" " tag="856"><subfield code="3">Titelblatt und Inhaltsverzeichnis</subfield><subfield code="u">https://toc.library.ethz.ch/objects/pdf/z01_001421238_01.pdf</subfield><subfield code="q">pdf</subfield></datafield><datafield ind1=" " ind2=" " tag="900"><subfield code="a">REROnoselfmerge</subfield></datafield><datafield ind1=" " ind2=" " tag="900"><subfield code="a">IDSZ1ZH</subfield></datafield><datafield ind1=" " ind2=" " tag="900"><subfield code="a">IDSZ2zbzmon200301l</subfield><subfield code="c">IDSZ2gapa</subfield><subfield code="d">IDSZ2zbzswk201009b</subfield><subfield code="e">IDSZ2mueb</subfield></datafield><datafield ind1=" " ind2=" " tag="949"><subfield code="a">https://toc.library.ethz.ch/objects/pdf/z01_001421238_01.pdf</subfield></datafield></record>
</metadata></record>