<record><header><identifier>oai:alma.41SLSP_UGE:991000797599705502</identifier><datestamp>2023-03-01T01:10:03Z</datestamp><setSpec>uge_bcen_RapidILL_BOOK</setSpec><setSpec>uge_aaca_RapidILL_BOOK</setSpec><setSpec>uge_abels_RapidILL_BOOK</setSpec><setSpec>uge_dbu_RapidILL_BOOK</setSpec><setSpec>uge_cmu_RapidILL_BOOK</setSpec><setSpec>uge_mail_RapidILL_BOOK</setSpec><setSpec>UNIGE_ALL</setSpec><setSpec>uge_abbat_RapidILL_BOOK</setSpec><setSpec>uge_aobs_RapidILL_BOOK</setSpec><setSpec>uge_acar_RapidILL_BOOK</setSpec></header><metadata>
<record xmlns="http://www.loc.gov/MARC21/slim" xmlns:xsi="http://www.w3.org/2001/XMLSchema-instance" xsi:schemaLocation="http://www.loc.gov/MARC21/slim http://www.loc.gov/standards/marcxml/schema/MARC21slim.xsd"><leader>01140nam a2200289 c 4500</leader><controlfield tag="001">991000797599705502</controlfield><controlfield tag="005">20201225192259.0</controlfield><controlfield tag="008">000913s1984    be ||||| |||| 00| ||eng d</controlfield><datafield ind1=" " ind2=" " tag="035"><subfield code="a">(swissbib)082390290-41slsp_network</subfield></datafield><datafield ind1=" " ind2=" " tag="035"><subfield code="a">082390290</subfield><subfield code="9">ExL</subfield></datafield><datafield ind1=" " ind2=" " tag="035"><subfield code="a">(RERO)0928442-41slsp</subfield></datafield><datafield ind1=" " ind2=" " tag="035"><subfield code="a">(EXLNZ-41SLSP_NETWORK)991154095009705501</subfield></datafield><datafield ind1=" " ind2=" " tag="040"><subfield code="a">RERO labcud</subfield><subfield code="d">CH-ZuSLS</subfield></datafield><datafield ind1="1" ind2=" " tag="041"><subfield code="a">eng</subfield><subfield code="h">ara</subfield></datafield><datafield ind1=" " ind2="7" tag="072"><subfield code="a">th</subfield><subfield code="2">rero</subfield></datafield><datafield ind1="0" ind2="0" tag="245"><subfield code="a">Mt. Sinai Arabic Codex 151</subfield><subfield code="n">2</subfield><subfield code="p">Acts of the Apostles.</subfield><subfield code="p">Catholic Epistles</subfield><subfield code="c">transl. by Harvey Staal</subfield></datafield><datafield ind1=" " ind2="1" tag="264"><subfield code="a">Lovanii</subfield><subfield code="b">E. Peeters</subfield><subfield code="c">1984</subfield></datafield><datafield ind1=" " ind2=" " tag="300"><subfield code="a">119 p.</subfield><subfield code="c">26 cm</subfield></datafield><datafield ind1=" " ind2=" " tag="336"><subfield code="b">txt</subfield><subfield code="2">rdacontent</subfield></datafield><datafield ind1=" " ind2=" " tag="337"><subfield code="b">n</subfield><subfield code="2">rdamedia</subfield></datafield><datafield ind1=" " ind2=" " tag="338"><subfield code="b">nc</subfield><subfield code="2">rdacarrier</subfield></datafield><datafield ind1="1" ind2=" " tag="490"><subfield code="a">Corpus scriptorum christianorum orientalium</subfield><subfield code="v">vol. 463.</subfield><subfield code="a">Scriptores arabici</subfield><subfield code="v">t. 43</subfield></datafield><datafield ind1="0" ind2=" " tag="730"><subfield code="a">Bible</subfield><subfield code="n">208</subfield><subfield code="p">N.T</subfield><subfield code="p">Actes des apôtres</subfield><subfield code="l">Anglais</subfield></datafield><datafield ind1="0" ind2=" " tag="730"><subfield code="a">Bible</subfield><subfield code="n">229</subfield><subfield code="p">N.T</subfield><subfield code="p">Epîtres catholiques</subfield><subfield code="l">Anglais</subfield></datafield><datafield ind1=" " ind2=" " tag="830"><subfield code="a">Corpus scriptorum Christianorum Orientalium</subfield><subfield code="v">463</subfield><subfield code="w">(RERO)0083305-41slsp</subfield></datafield><datafield ind1=" " ind2=" " tag="830"><subfield code="a">Corpus scriptorum christianorum orientalium</subfield><subfield code="p">Scriptores arabici</subfield><subfield code="v">43</subfield><subfield code="w">(RERO)R267076460-41slsp</subfield></datafield><datafield ind1=" " ind2=" " tag="830"><subfield code="a">Mt. Sinai Arabic Codex 151</subfield><subfield code="v">2</subfield><subfield code="w">(RERO)0649762-41slsp</subfield></datafield><datafield ind1=" " ind2=" " tag="900"><subfield code="a">REROnoselfmerge</subfield></datafield></record>
</metadata></record>