<record><header><identifier>oai:alma.41SLSP_UGE:991000797909705502</identifier><datestamp>2023-07-01T00:30:10Z</datestamp><setSpec>uge_bcen_RapidILL_BOOK</setSpec><setSpec>uge_aaca_RapidILL_BOOK</setSpec><setSpec>uge_abels_RapidILL_BOOK</setSpec><setSpec>uge_dbu_RapidILL_BOOK</setSpec><setSpec>uge_cmu_RapidILL_BOOK</setSpec><setSpec>uge_mail_RapidILL_BOOK</setSpec><setSpec>uge_abbat_RapidILL_BOOK</setSpec><setSpec>UNIGE_ALL</setSpec><setSpec>uge_acar_RapidILL_BOOK</setSpec><setSpec>uge_aobs_RapidILL_BOOK</setSpec></header><metadata>
<record xmlns="http://www.loc.gov/MARC21/slim" xmlns:xsi="http://www.w3.org/2001/XMLSchema-instance" xsi:schemaLocation="http://www.loc.gov/MARC21/slim http://www.loc.gov/standards/marcxml/schema/MARC21slim.xsd"><leader>02442naa a2200421 c 4500</leader><controlfield tag="001">991000797909705502</controlfield><controlfield tag="005">20230630222538.0</controlfield><controlfield tag="008">180925s2018    sz ||||| |||| 00| ||ger d</controlfield><datafield ind1=" " ind2=" " tag="035"><subfield code="a">(swissbib)125105657-41slsp_network</subfield></datafield><datafield ind1=" " ind2=" " tag="035"><subfield code="a">125105657</subfield><subfield code="9">ExL</subfield></datafield><datafield ind1=" " ind2=" " tag="035"><subfield code="a">(RERO)R008844752-41slsp</subfield></datafield><datafield ind1=" " ind2=" " tag="035"><subfield code="a">(EXLNZ-41SLSP_NETWORK)991136382789705501</subfield></datafield><datafield ind1=" " ind2=" " tag="040"><subfield code="a">RERO iftaf-</subfield><subfield code="d">CH-ZuSLS</subfield></datafield><datafield ind1=" " ind2=" " tag="044"><subfield code="a">sz</subfield><subfield code="c">ch-zh</subfield></datafield><datafield ind1=" " ind2="7" tag="072"><subfield code="a">dr</subfield><subfield code="2">rero</subfield></datafield><datafield ind1=" " ind2=" " tag="084"><subfield code="a">CA/CH 70.1 i</subfield><subfield code="2">cjurrom</subfield></datafield><datafield ind1="1" ind2=" " tag="100"><subfield code="a">Rusch, Arnold F</subfield><subfield code="0">(IDREF)243988028</subfield><subfield code="4">aut</subfield></datafield><datafield ind1="1" ind2="0" tag="245"><subfield code="a">Art. 740a ZGB</subfield><subfield code="b">Erfahrungen und Erkenntnisse</subfield><subfield code="c">Arnold F. Rusch</subfield></datafield><datafield ind1=" " ind2=" " tag="336"><subfield code="b">txt</subfield><subfield code="2">rdacontent</subfield></datafield><datafield ind1=" " ind2=" " tag="337"><subfield code="b">n</subfield><subfield code="2">rdamedia</subfield></datafield><datafield ind1=" " ind2=" " tag="338"><subfield code="b">nc</subfield><subfield code="2">rdacarrier</subfield></datafield><datafield ind1=" " ind2=" " tag="500"><subfield code="a">Deutscher Text mit Zusammenfassung in Deutsch und Franz. (AJP)</subfield></datafield><datafield ind1=" " ind2=" " tag="580"><subfield code="a">In: AJP. - Zürich. - Jg. 27(2018), Nr. 9, S. 1075-1086</subfield></datafield><datafield ind1=" " ind2=" " tag="580"><subfield code="a">In: Die Verdichtung des bebauten Umfelds und ihr Einfluss auf Immobiliengeschäfte. - Zürich : Schulthess, 2019. - S. 349-372</subfield></datafield><datafield ind1=" " ind2="7" tag="650"><subfield code="a">Grunddienstbarkeit</subfield><subfield code="9">ger</subfield><subfield code="0">(RERO)jurivoc000010389ger</subfield><subfield code="2">jurivoc</subfield></datafield><datafield ind1=" " ind2="7" tag="650"><subfield code="a">Baute und Anlage</subfield><subfield code="9">ger</subfield><subfield code="0">(RERO)jurivoc000002849ger</subfield><subfield code="2">jurivoc</subfield></datafield><datafield ind1=" " ind2="7" tag="650"><subfield code="a">Miteigentum</subfield><subfield code="9">ger</subfield><subfield code="0">(RERO)jurivoc000015197ger</subfield><subfield code="2">jurivoc</subfield></datafield><datafield ind1=" " ind2="7" tag="650"><subfield code="a">Baukosten</subfield><subfield code="9">ger</subfield><subfield code="0">(RERO)jurivoc000002808ger</subfield><subfield code="2">jurivoc</subfield></datafield><datafield ind1=" " ind2="7" tag="650"><subfield code="a">Unterhaltskosten</subfield><subfield code="9">ger</subfield><subfield code="0">(RERO)jurivoc000023833ger</subfield><subfield code="2">jurivoc</subfield></datafield><datafield ind1=" " ind2="7" tag="650"><subfield code="a">Kostenverlegung</subfield><subfield code="9">ger</subfield><subfield code="0">(RERO)jurivoc000013507ger</subfield><subfield code="2">jurivoc</subfield></datafield><datafield ind1=" " ind2="7" tag="650"><subfield code="a">berechtigter</subfield><subfield code="9">ger</subfield><subfield code="0">(RERO)jurivoc000003244ger</subfield><subfield code="2">jurivoc</subfield></datafield><datafield ind1=" " ind2="7" tag="650"><subfield code="a">Ausschluss(allgemein)</subfield><subfield code="9">ger</subfield><subfield code="0">(RERO)jurivoc000002369ger</subfield><subfield code="2">jurivoc</subfield></datafield><datafield ind1=" " ind2="7" tag="650"><subfield code="a">Verzicht auf ein dingliches Recht</subfield><subfield code="9">ger</subfield><subfield code="0">(RERO)jurivoc000050208ger</subfield><subfield code="2">jurivoc</subfield></datafield><datafield ind1=" " ind2="7" tag="650"><subfield code="a">Anmerkung</subfield><subfield code="9">ger</subfield><subfield code="0">(RERO)jurivoc000001265ger</subfield><subfield code="2">jurivoc</subfield></datafield><datafield ind1=" " ind2="7" tag="650"><subfield code="a">Vormerkung</subfield><subfield code="9">ger</subfield><subfield code="0">(RERO)jurivoc000025797ger</subfield><subfield code="2">jurivoc</subfield></datafield><datafield ind1=" " ind2="7" tag="650"><subfield code="a">Grundbuch</subfield><subfield code="9">ger</subfield><subfield code="0">(RERO)jurivoc000010376ger</subfield><subfield code="2">jurivoc</subfield></datafield><datafield ind1=" " ind2="7" tag="651"><subfield code="a">Schweiz</subfield><subfield code="9">ger</subfield><subfield code="0">(RERO)jurivoc000019912ger</subfield><subfield code="2">jurivoc</subfield></datafield><datafield ind1="0" ind2=" " tag="773"><subfield code="t">AJP : Aktuelle juristische Praxis</subfield><subfield code="g">2018/1075</subfield><subfield code="g">yr:2018</subfield></datafield><datafield ind1="0" ind2=" " tag="773"><subfield code="t">Verdichtung des bebauten Umfelds und ihr Einfluss auf Immobiliengeschäfte : Beiträge der Weiterbildungsseminare der Stiftung Schweizerisches Notariat vom 21. August 2017 in Zürich und vom 14. September 2017 in Lausanne = La densification du territoire et son impact sur les transactions immobilières : contributions des séminaires de formation continue organisés par la Fondation Notariat Suisse le 21 août 2017 à Zurich et le 14 septembre 2017 à Lausanne</subfield><subfield code="g">349</subfield><subfield code="w">(RERO)R008956072-41slsp</subfield></datafield></record>
</metadata></record>