<record><header><identifier>oai:alma.41SLSP_UGE:991000797499705502</identifier><datestamp>2023-07-05T00:30:54Z</datestamp><setSpec>uge_bcen_RapidILL_BOOK</setSpec><setSpec>uge_aaca_RapidILL_BOOK</setSpec><setSpec>uge_abels_RapidILL_BOOK</setSpec><setSpec>uge_dbu_RapidILL_BOOK</setSpec><setSpec>uge_cmu_RapidILL_BOOK</setSpec><setSpec>uge_mail_RapidILL_BOOK</setSpec><setSpec>uge_abbat_RapidILL_BOOK</setSpec><setSpec>UNIGE_ALL</setSpec><setSpec>uge_aobs_RapidILL_BOOK</setSpec><setSpec>uge_acar_RapidILL_BOOK</setSpec></header><metadata>
<record xmlns="http://www.loc.gov/MARC21/slim" xmlns:xsi="http://www.w3.org/2001/XMLSchema-instance" xsi:schemaLocation="http://www.loc.gov/MARC21/slim http://www.loc.gov/standards/marcxml/schema/MARC21slim.xsd"><leader>02129nam a22004217c 4500</leader><controlfield tag="001">991000797499705502</controlfield><controlfield tag="005">20230704141654.0</controlfield><controlfield tag="008">000726t19961996pl ||||| |||| 10| ||fre d</controlfield><datafield ind1=" " ind2=" " tag="020"><subfield code="a">8386402857</subfield></datafield><datafield ind1="7" ind2=" " tag="024"><subfield code="a">http://catalogue.bnf.fr/ark:/12148/cb40022109r</subfield><subfield code="2">uri</subfield></datafield><datafield ind1=" " ind2=" " tag="035"><subfield code="a">(swissbib)092243983-41slsp_network</subfield></datafield><datafield ind1=" " ind2=" " tag="035"><subfield code="a">092243983</subfield><subfield code="9">ExL</subfield></datafield><datafield ind1=" " ind2=" " tag="035"><subfield code="a">(RERO)R215392760-41slsp</subfield></datafield><datafield ind1=" " ind2=" " tag="035"><subfield code="a">(EXLNZ-41SLSP_NETWORK)991014431989705501</subfield></datafield><datafield ind1=" " ind2=" " tag="040"><subfield code="a">RERO frbcuc</subfield><subfield code="d">CH-ZuSLS</subfield><subfield code="b">fre</subfield><subfield code="e">rda</subfield></datafield><datafield ind1="0" ind2=" " tag="041"><subfield code="a">fre</subfield><subfield code="a">ger</subfield></datafield><datafield ind1=" " ind2="7" tag="072"><subfield code="a">ha</subfield><subfield code="2">rero</subfield></datafield><datafield ind1="0" ind2="0" tag="245"><subfield code="a">&lt;&lt;L'&gt;&gt;image de l'Antiquité chez les auteurs postérieurs</subfield><subfield code="c">sous la rédaction de Ignacy Lewandowski et Leszek Mrozewicz</subfield></datafield><datafield ind1=" " ind2="1" tag="264"><subfield code="a">Poznań</subfield><subfield code="b">Edition VIS</subfield><subfield code="c">1996</subfield></datafield><datafield ind1=" " ind2="4" tag="264"><subfield code="c">© 1996</subfield></datafield><datafield ind1=" " ind2=" " tag="300"><subfield code="a">217 pages</subfield><subfield code="b">illustrations</subfield><subfield code="c">21 cm</subfield></datafield><datafield ind1=" " ind2=" " tag="336"><subfield code="b">txt</subfield><subfield code="2">rdacontent</subfield></datafield><datafield ind1=" " ind2=" " tag="337"><subfield code="b">n</subfield><subfield code="2">rdamedia</subfield></datafield><datafield ind1=" " ind2=" " tag="338"><subfield code="b">nc</subfield><subfield code="2">rdacarrier</subfield></datafield><datafield ind1=" " ind2=" " tag="500"><subfield code="a">Colloque organisé du 4 au 5 décembre 1995 à Kicin près de Poznań par l'Université de Poznań (Institut de philologie classique et Département d'histoire ancienne de l'Institut d'histoire) et l'Université de Fribourg (Section des sciences de l'Antiquité)</subfield></datafield><datafield ind1=" " ind2="7" tag="650"><subfield code="a">Antiquité (thème artistique ou littéraire)</subfield><subfield code="0">(RERO)A009958871</subfield><subfield code="2">rerovoc</subfield></datafield><datafield ind1=" " ind2="7" tag="650"><subfield code="a">7e siècle av. J.-C.-20e siècle</subfield><subfield code="2">idref</subfield></datafield><datafield ind1=" " ind2="7" tag="650"><subfield code="a">478 av. J.-C.-20e siècle</subfield><subfield code="0">(RERO)A027000741</subfield><subfield code="2">rero</subfield></datafield><datafield ind1=" " ind2="7" tag="650"><subfield code="a">Antiquité - réception</subfield><subfield code="0">(RERO)A010177997</subfield><subfield code="2">rerovoc</subfield></datafield><datafield ind1=" " ind2="7" tag="650"><subfield code="a">Antiquité</subfield><subfield code="0">(IDREF)027789888</subfield><subfield code="2">idref</subfield></datafield><datafield ind1=" " ind2="7" tag="650"><subfield code="a">Histoire</subfield><subfield code="0">(IDREF)02726470X</subfield><subfield code="2">idref</subfield></datafield><datafield ind1=" " ind2="7" tag="655"><subfield code="a">[Études diverses]</subfield><subfield code="0">(RERO)A022249905</subfield><subfield code="2">rero</subfield></datafield><datafield ind1=" " ind2="7" tag="655"><subfield code="a">Actes de congrès</subfield><subfield code="0">(IDREF)02886431X</subfield><subfield code="2">idref</subfield></datafield><datafield ind1=" " ind2="7" tag="651"><subfield code="a">Grèce</subfield><subfield code="y">499-323 av. J.-C. (Époque classique)</subfield><subfield code="0">(IDREF)027433692</subfield><subfield code="2">idref</subfield></datafield><datafield ind1=" " ind2=" " tag="691"><subfield code="e">907.2</subfield><subfield code="a">Storiografia</subfield><subfield code="2">usi-TE</subfield></datafield><datafield ind1="1" ind2=" " tag="700"><subfield code="a">Lewandowski, Ignacy</subfield><subfield code="0">(IDREF)035483369</subfield><subfield code="4">edt</subfield></datafield><datafield ind1="1" ind2=" " tag="700"><subfield code="a">Mrozewicz, Leszek</subfield><subfield code="d">1951-....</subfield><subfield code="0">(IDREF)031239536</subfield><subfield code="4">edt</subfield></datafield><datafield ind1="2" ind2=" " tag="710"><subfield code="a">Uniwersytet im. Adama Mickiewicza w Poznaniu</subfield><subfield code="b">Instytut historii i Instytut filologii klasycznej</subfield><subfield code="b">Colloque</subfield><subfield code="d">1995</subfield><subfield code="c">Kicin</subfield><subfield code="0">(RERO)A012359695</subfield><subfield code="4">orm</subfield></datafield><datafield ind1="2" ind2=" " tag="710"><subfield code="a">Université de Fribourg</subfield><subfield code="b">Section des sciences de l'Antiquité</subfield><subfield code="b">Colloque</subfield><subfield code="d">1995</subfield><subfield code="c">Kicin</subfield><subfield code="0">(RERO)A012359696</subfield><subfield code="4">orm</subfield></datafield></record>
</metadata></record>