<record><header><identifier>oai:alma.41SLSP_UGE:991000797529705502</identifier><datestamp>2023-03-01T01:10:03Z</datestamp><setSpec>uge_bcen_RapidILL_BOOK</setSpec><setSpec>uge_aaca_RapidILL_BOOK</setSpec><setSpec>uge_abels_RapidILL_BOOK</setSpec><setSpec>uge_dbu_RapidILL_BOOK</setSpec><setSpec>uge_cmu_RapidILL_BOOK</setSpec><setSpec>uge_mail_RapidILL_BOOK</setSpec><setSpec>UNIGE_ALL</setSpec><setSpec>uge_abbat_RapidILL_BOOK</setSpec><setSpec>uge_aobs_RapidILL_BOOK</setSpec><setSpec>uge_acar_RapidILL_BOOK</setSpec></header><metadata>
<record xmlns="http://www.loc.gov/MARC21/slim" xmlns:xsi="http://www.w3.org/2001/XMLSchema-instance" xsi:schemaLocation="http://www.loc.gov/MARC21/slim http://www.loc.gov/standards/marcxml/schema/MARC21slim.xsd"><leader>01202nam a2200265 c 4500</leader><controlfield tag="001">991000797529705502</controlfield><controlfield tag="005">20201225192033.0</controlfield><controlfield tag="008">000717s1966    fr ||||| |||| 00| ||fre d</controlfield><datafield ind1=" " ind2=" " tag="035"><subfield code="a">(swissbib)082674795-41slsp_network</subfield></datafield><datafield ind1=" " ind2=" " tag="035"><subfield code="a">082674795</subfield><subfield code="9">ExL</subfield></datafield><datafield ind1=" " ind2=" " tag="035"><subfield code="a">(RERO)0966483-41slsp</subfield></datafield><datafield ind1=" " ind2=" " tag="035"><subfield code="a">(EXLNZ-41SLSP_NETWORK)991144476919705501</subfield></datafield><datafield ind1=" " ind2=" " tag="040"><subfield code="a">RERO neuses</subfield><subfield code="d">CH-ZuSLS</subfield></datafield><datafield ind1=" " ind2="7" tag="072"><subfield code="a">ps</subfield><subfield code="2">rero</subfield></datafield><datafield ind1=" " ind2="7" tag="072"><subfield code="a">ss</subfield><subfield code="2">rero</subfield></datafield><datafield ind1="1" ind2=" " tag="100"><subfield code="a">Ardoino, Jacques</subfield><subfield code="0">(RERO)A002936972</subfield><subfield code="4">cre</subfield></datafield><datafield ind1="1" ind2="0" tag="245"><subfield code="a">Communications et relations humaines</subfield><subfield code="b">esquisse d'un modèle d'intelligibilité des organisations</subfield><subfield code="c">par J. Ardoino</subfield></datafield><datafield ind1=" " ind2="1" tag="264"><subfield code="a">Bordeaux</subfield><subfield code="b">Institut d'administration des entreprises de l'Université de Bordeaux</subfield><subfield code="c">1966</subfield></datafield><datafield ind1=" " ind2=" " tag="300"><subfield code="a">166 p.</subfield><subfield code="b">ill.</subfield><subfield code="c">24 cm</subfield></datafield><datafield ind1=" " ind2=" " tag="336"><subfield code="b">txt</subfield><subfield code="2">rdacontent</subfield></datafield><datafield ind1=" " ind2=" " tag="337"><subfield code="b">n</subfield><subfield code="2">rdamedia</subfield></datafield><datafield ind1=" " ind2=" " tag="338"><subfield code="b">nc</subfield><subfield code="2">rdacarrier</subfield></datafield><datafield ind1="1" ind2=" " tag="490"><subfield code="a">Travaux et documents / Institut d'administration des entreprises de l'Université de Bordeaux</subfield><subfield code="v">cahier n⁰ 12</subfield></datafield><datafield ind1="8" ind2=" " tag="520"><subfield code="a">Cet ouvrage présente les structures de la communication et des relations humaines, leur sens et leur interprétation, ainsi que les relations sociales au sein des organisations</subfield><subfield code="5">RERO/labdfm/11.2003</subfield></datafield><datafield ind1=" " ind2=" " tag="830"><subfield code="a">Travaux et Documents</subfield><subfield code="v">12</subfield><subfield code="w">(RERO)0966479-41slsp</subfield></datafield><datafield ind1=" " ind2=" " tag="900"><subfield code="a">REROnoselfmerge</subfield></datafield></record>
</metadata></record>