<record><header><identifier>oai:alma.41SLSP_UGE:991000797429705502</identifier><datestamp>2023-03-01T01:10:03Z</datestamp><setSpec>uge_bcen_RapidILL_BOOK</setSpec><setSpec>uge_aaca_RapidILL_BOOK</setSpec><setSpec>uge_abels_RapidILL_BOOK</setSpec><setSpec>uge_dbu_RapidILL_BOOK</setSpec><setSpec>uge_cmu_RapidILL_BOOK</setSpec><setSpec>uge_mail_RapidILL_BOOK</setSpec><setSpec>UNIGE_ALL</setSpec><setSpec>uge_abbat_RapidILL_BOOK</setSpec><setSpec>uge_aobs_RapidILL_BOOK</setSpec><setSpec>uge_acar_RapidILL_BOOK</setSpec></header><metadata>
<record xmlns="http://www.loc.gov/MARC21/slim" xmlns:xsi="http://www.w3.org/2001/XMLSchema-instance" xsi:schemaLocation="http://www.loc.gov/MARC21/slim http://www.loc.gov/standards/marcxml/schema/MARC21slim.xsd"><leader>00770nam a2200253 c 4500</leader><controlfield tag="001">991000797429705502</controlfield><controlfield tag="005">20201126054630.0</controlfield><controlfield tag="008">201008s1919    ua ||||| |||| 00| ||fre d</controlfield><datafield ind1=" " ind2=" " tag="035"><subfield code="a">(swissbib)106082299-41slsp_network</subfield></datafield><datafield ind1=" " ind2=" " tag="035"><subfield code="a">106082299</subfield><subfield code="9">ExL</subfield></datafield><datafield ind1=" " ind2=" " tag="035"><subfield code="a">(RERO)R004596491-41slsp</subfield></datafield><datafield ind1=" " ind2=" " tag="035"><subfield code="a">(EXLNZ-41SLSP_NETWORK)991143094139705501</subfield></datafield><datafield ind1=" " ind2=" " tag="040"><subfield code="a">SZ-GeWHO</subfield><subfield code="d">CH-ZuSLS</subfield></datafield><datafield ind1=" " ind2="4" tag="060"><subfield code="a">WC 765</subfield></datafield><datafield ind1=" " ind2="7" tag="072"><subfield code="a">me</subfield><subfield code="2">rero</subfield></datafield><datafield ind1="0" ind2="0" tag="245"><subfield code="a">Rapport préliminaire de la Commission contre la malaria</subfield></datafield><datafield ind1=" " ind2="1" tag="264"><subfield code="a">Le Caire</subfield><subfield code="b">Imprimerie Nationale</subfield><subfield code="c">1919</subfield></datafield><datafield ind1=" " ind2=" " tag="300"><subfield code="a">60 p. (ill., maps, plates)</subfield></datafield><datafield ind1=" " ind2=" " tag="336"><subfield code="b">txt</subfield><subfield code="2">rdacontent</subfield></datafield><datafield ind1=" " ind2=" " tag="337"><subfield code="b">n</subfield><subfield code="2">rdamedia</subfield></datafield><datafield ind1=" " ind2=" " tag="338"><subfield code="b">nc</subfield><subfield code="2">rdacarrier</subfield></datafield><datafield ind1=" " ind2="2" tag="650"><subfield code="a">Malaria</subfield><subfield code="x">prevention &amp; control</subfield></datafield><datafield ind1=" " ind2="2" tag="651"><subfield code="a">Egypt</subfield></datafield><datafield ind1="2" ind2=" " tag="710"><subfield code="a">Egypte</subfield><subfield code="b">Anti-Malaria Commission</subfield><subfield code="0">(RERO)A013719617</subfield></datafield><datafield ind1=" " ind2=" " tag="900"><subfield code="a">REROnoselfmerge</subfield></datafield><datafield ind1=" " ind2=" " tag="990"><subfield code="a">donomshim</subfield><subfield code="9">LOCAL</subfield></datafield></record>
</metadata></record>