<record><header><identifier>oai:alma.41SLSP_UGE:991000797949705502</identifier><datestamp>2024-10-06T00:07:23Z</datestamp><setSpec>uge_bcen_RapidILL_BOOK</setSpec><setSpec>uge_aaca_RapidILL_BOOK</setSpec><setSpec>uge_abels_RapidILL_BOOK</setSpec><setSpec>uge_dbu_RapidILL_BOOK</setSpec><setSpec>uge_cmu_RapidILL_BOOK</setSpec><setSpec>uge_mail_RapidILL_BOOK</setSpec><setSpec>UNIGE_ALL</setSpec><setSpec>uge_abbat_RapidILL_BOOK</setSpec><setSpec>uge_aobs_RapidILL_BOOK</setSpec><setSpec>uge_acar_RapidILL_BOOK</setSpec></header><metadata>
<record xmlns="http://www.loc.gov/MARC21/slim" xmlns:xsi="http://www.w3.org/2001/XMLSchema-instance" xsi:schemaLocation="http://www.loc.gov/MARC21/slim http://www.loc.gov/standards/marcxml/schema/MARC21slim.xsd"><leader>01329nam a2200361 c 4500</leader><controlfield tag="001">991000797949705502</controlfield><controlfield tag="005">20230208202432.0</controlfield><controlfield tag="008">091022s2009    fr ||||| |||| 00| ||fre d</controlfield><datafield ind1=" " ind2=" " tag="020"><subfield code="a">9782200355159</subfield></datafield><datafield ind1="7" ind2=" " tag="024"><subfield code="a">http://catalogue.bnf.fr/ark:/12148/cb420626960</subfield><subfield code="2">uri</subfield></datafield><datafield ind1=" " ind2=" " tag="035"><subfield code="a">(swissbib)108552373-41slsp_network</subfield></datafield><datafield ind1=" " ind2=" " tag="035"><subfield code="a">108552373</subfield><subfield code="9">ExL</subfield></datafield><datafield ind1=" " ind2=" " tag="035"><subfield code="a">(RERO)R005196451-41slsp</subfield></datafield><datafield ind1=" " ind2=" " tag="035"><subfield code="a">(EXLNZ-41SLSP_NETWORK)991091626029705501</subfield></datafield><datafield ind1=" " ind2=" " tag="040"><subfield code="a">RERO vshevs</subfield><subfield code="d">CH-ZuSLS</subfield></datafield><datafield ind1=" " ind2="7" tag="072"><subfield code="a">ps</subfield><subfield code="2">rero</subfield></datafield><datafield ind1="1" ind2=" " tag="080"><subfield code="a">343.915</subfield></datafield><datafield ind1="1" ind2=" " tag="100"><subfield code="a">Harrati, Sonia</subfield><subfield code="c">Psychologue - criminologue</subfield><subfield code="d">1973-....</subfield><subfield code="0">(IDREF)073310565</subfield><subfield code="4">cre</subfield></datafield><datafield ind1="1" ind2="0" tag="245"><subfield code="a">Délinquance et violence</subfield><subfield code="b">clinique, psychopathologie et psychocriminologie</subfield><subfield code="c">Sonia Harrati, David Vavassori, Loïck M. Villerbu ; sous la dir. de Jean-Louis Pedinielli</subfield></datafield><datafield ind1=" " ind2=" " tag="250"><subfield code="a">2e éd.</subfield></datafield><datafield ind1=" " ind2="1" tag="264"><subfield code="a">Paris</subfield><subfield code="b">A. Colin</subfield><subfield code="c">2009</subfield></datafield><datafield ind1=" " ind2=" " tag="300"><subfield code="a">127 p.</subfield></datafield><datafield ind1=" " ind2=" " tag="336"><subfield code="b">txt</subfield><subfield code="2">rdacontent</subfield></datafield><datafield ind1=" " ind2=" " tag="337"><subfield code="b">n</subfield><subfield code="2">rdamedia</subfield></datafield><datafield ind1=" " ind2=" " tag="338"><subfield code="b">nc</subfield><subfield code="2">rdacarrier</subfield></datafield><datafield ind1="0" ind2=" " tag="490"><subfield code="a">128</subfield></datafield><datafield ind1=" " ind2="7" tag="650"><subfield code="a">Politique publique</subfield><subfield code="0">(IDREF)028693264</subfield><subfield code="2">idref</subfield></datafield><datafield ind1=" " ind2="7" tag="650"><subfield code="a">Violence</subfield><subfield code="0">(IDREF)027255891</subfield><subfield code="2">idref</subfield></datafield><datafield ind1=" " ind2="7" tag="650"><subfield code="a">Criminalité</subfield><subfield code="0">(IDREF)048655600</subfield><subfield code="2">idref</subfield></datafield><datafield ind1=" " ind2="7" tag="651"><subfield code="a">France</subfield><subfield code="0">(IDREF)027226794</subfield><subfield code="2">idref</subfield></datafield><datafield ind1="1" ind2=" " tag="700"><subfield code="a">Vavassori, David</subfield><subfield code="c">psychologue clinicien - psychopathologue</subfield><subfield code="d">1973-....</subfield><subfield code="0">(IDREF)069304297</subfield></datafield><datafield ind1="1" ind2=" " tag="700"><subfield code="a">Villerbu, Loïck M.</subfield><subfield code="d">1943-....</subfield><subfield code="0">(IDREF)032104286</subfield></datafield><datafield ind1="1" ind2=" " tag="700"><subfield code="a">Pedinielli, Jean-Louis</subfield><subfield code="d">1949-2021</subfield><subfield code="0">(IDREF)031494110</subfield></datafield><datafield ind1=" " ind2=" " tag="900"><subfield code="a">REROnoselfmerge</subfield></datafield></record>
</metadata></record>