<record><header><identifier>oai:alma.41SLSP_UGE:991000797219705502</identifier><datestamp>2024-08-31T00:14:09Z</datestamp><setSpec>uge_bcen_RapidILL_BOOK</setSpec><setSpec>uge_aaca_RapidILL_BOOK</setSpec><setSpec>uge_abels_RapidILL_BOOK</setSpec><setSpec>uge_dbu_RapidILL_BOOK</setSpec><setSpec>uge_cmu_RapidILL_BOOK</setSpec><setSpec>uge_mail_RapidILL_BOOK</setSpec><setSpec>uge_abbat_RapidILL_BOOK</setSpec><setSpec>UNIGE_ALL</setSpec><setSpec>uge_aobs_RapidILL_BOOK</setSpec><setSpec>uge_acar_RapidILL_BOOK</setSpec></header><metadata>
<record xmlns="http://www.loc.gov/MARC21/slim" xmlns:xsi="http://www.w3.org/2001/XMLSchema-instance" xsi:schemaLocation="http://www.loc.gov/MARC21/slim http://www.loc.gov/standards/marcxml/schema/MARC21slim.xsd"><leader>02450ncm a2200589 c 4500</leader><controlfield tag="001">991000797219705502</controlfield><controlfield tag="005">20240830154225.0</controlfield><controlfield tag="008">201011r19991749fr ||u||            und d</controlfield><datafield ind1=" " ind2=" " tag="020"><subfield code="a">2908584379</subfield></datafield><datafield ind1=" " ind2=" " tag="035"><subfield code="a">(swissbib)220670978-41slsp_network</subfield></datafield><datafield ind1=" " ind2=" " tag="035"><subfield code="a">220670978</subfield><subfield code="9">ExL</subfield></datafield><datafield ind1=" " ind2=" " tag="035"><subfield code="a">(RERO)R256486560-41slsp</subfield></datafield><datafield ind1=" " ind2=" " tag="035"><subfield code="a">(NEBIS)003824562EBI01</subfield></datafield><datafield ind1=" " ind2=" " tag="035"><subfield code="a">(EXLNZ-41SLSP_NETWORK)991102515369705501</subfield></datafield><datafield ind1=" " ind2=" " tag="040"><subfield code="a">RERO labcur</subfield><subfield code="d">CH-ZuSLS</subfield></datafield><datafield ind1=" " ind2=" " tag="044"><subfield code="a">sz</subfield><subfield code="c">ch-ge</subfield></datafield><datafield ind1=" " ind2="7" tag="072"><subfield code="a">mu</subfield><subfield code="2">rero</subfield></datafield><datafield ind1="1" ind2=" " tag="100"><subfield code="6">880-01</subfield><subfield code="a">Balbastre, Claude-Bénigne</subfield><subfield code="d">1727-1799</subfield><subfield code="0">(IDREF)071029680</subfield><subfield code="4">cre</subfield></datafield><datafield ind1="1" ind2=" " tag="880"><subfield code="a">Balbastre, Claude-Bénigne</subfield><subfield code="d">1727-1799</subfield><subfield code="0">(DE-588)124264751</subfield><subfield code="6">100-01</subfield></datafield><datafield ind1="1" ind2="0" tag="240"><subfield code="a">Werke</subfield><subfield code="m">Org</subfield><subfield code="k">Ausw.</subfield></datafield><datafield ind1="1" ind2="0" tag="245"><subfield code="a">Livre contenant des pièces de différents [sic] genre d'orgue et de clavecin</subfield><subfield code="c">Claude-Bénigne Balbastre ; introd. par Denis Harlin</subfield></datafield><datafield ind1=" " ind2="1" tag="264"><subfield code="a">Paris</subfield><subfield code="a">Genève</subfield><subfield code="b">Minkoff France</subfield><subfield code="c">1999</subfield></datafield><datafield ind1=" " ind2=" " tag="300"><subfield code="a">140 p.</subfield><subfield code="c">34 cm</subfield></datafield><datafield ind1=" " ind2=" " tag="336"><subfield code="b">ntm</subfield><subfield code="2">rdacontent</subfield></datafield><datafield ind1=" " ind2=" " tag="337"><subfield code="b">n</subfield><subfield code="2">rdamedia</subfield></datafield><datafield ind1=" " ind2=" " tag="338"><subfield code="b">nc</subfield><subfield code="2">rdacarrier</subfield></datafield><datafield ind1=" " ind2=" " tag="348"><subfield code="a">Partitur</subfield><subfield code="2">gnd-music</subfield></datafield><datafield ind1=" " ind2=" " tag="348"><subfield code="a">partition</subfield><subfield code="2">gnd-music/fre</subfield></datafield><datafield ind1=" " ind2=" " tag="348"><subfield code="a">partitura</subfield><subfield code="2">gnd-music/ita</subfield></datafield><datafield ind1=" " ind2=" " tag="382"><subfield code="a">clavecin</subfield><subfield code="n">1</subfield><subfield code="2">reromusi</subfield></datafield><datafield ind1=" " ind2=" " tag="382"><subfield code="a">orgue</subfield><subfield code="n">1</subfield><subfield code="2">reromusi</subfield></datafield><datafield ind1=" " ind2=" " tag="382"><subfield code="a">Orgel</subfield><subfield code="n">1</subfield><subfield code="2">idsmusi</subfield></datafield><datafield ind1=" " ind2=" " tag="382"><subfield code="a">Cembalo</subfield><subfield code="n">1</subfield><subfield code="2">idsmusi</subfield></datafield><datafield ind1="1" ind2=" " tag="490"><subfield code="a">Manuscrits</subfield><subfield code="v">32</subfield></datafield><datafield ind1=" " ind2=" " tag="500"><subfield code="a">Fac-similé du manuscrit musical 264 de la Bibliothèque municipale de Versailles</subfield></datafield><datafield ind1=" " ind2=" " tag="500"><subfield code="a">Ce manuscrit rassemble 70 pièces de clavier inédites: 39 pièces d'orgue dont le célèbre &quot;Concerto d'orgue&quot;, suivies de 6 sonates et d'une vingtaine de pièces inédites pour clavecin seul, de 3 sonates pour le clavecin avec accompagnement de violon, de 6 parodies pour voix seule et de 3 Noëls pour orgue</subfield></datafield><datafield ind1=" " ind2=" " tag="534"><subfield code="p">Reprod. de l'éd. de:</subfield><subfield code="c">1749</subfield></datafield><datafield ind1=" " ind2="7" tag="655"><subfield code="a">Faksimile</subfield><subfield code="y">18. Jh.</subfield><subfield code="2">idsmusg</subfield></datafield><datafield ind1=" " ind2="7" tag="655"><subfield code="x">Clavecin</subfield><subfield code="y">1751-1800</subfield><subfield code="2">reromusg</subfield></datafield><datafield ind1=" " ind2="7" tag="655"><subfield code="x">Orgue</subfield><subfield code="y">1751-1800</subfield><subfield code="2">reromusg</subfield></datafield><datafield ind1=" " ind2=" " tag="690"><subfield code="a">***</subfield><subfield code="d">Clavecin</subfield><subfield code="e">1751-1800</subfield><subfield code="2">musg</subfield></datafield><datafield ind1=" " ind2=" " tag="690"><subfield code="a">clavecin</subfield><subfield code="2">musi</subfield></datafield><datafield ind1=" " ind2=" " tag="690"><subfield code="a">***</subfield><subfield code="d">Orgue</subfield><subfield code="e">1751-1800</subfield><subfield code="2">musg</subfield></datafield><datafield ind1=" " ind2=" " tag="690"><subfield code="a">orgue</subfield><subfield code="2">musi</subfield></datafield><datafield ind1=" " ind2=" " tag="690"><subfield code="a">Faksimile</subfield><subfield code="t">18. Jh.</subfield><subfield code="2">ids-music</subfield></datafield><datafield ind1=" " ind2=" " tag="690"><subfield code="q">Orgel</subfield><subfield code="t">18. Jh.</subfield><subfield code="2">ids-music</subfield></datafield><datafield ind1=" " ind2=" " tag="690"><subfield code="q">Cembalo</subfield><subfield code="t">18. Jh.</subfield><subfield code="2">ids-music</subfield></datafield><datafield ind1="1" ind2="2" tag="700"><subfield code="a">Balbastre, Claude-Bénigne</subfield><subfield code="d">1727-1799</subfield><subfield code="t">Werke</subfield><subfield code="m">Cemb</subfield><subfield code="k">Ausw.</subfield></datafield><datafield ind1="1" ind2=" " tag="700"><subfield code="a">Herlin, Denis</subfield><subfield code="d">1961-....</subfield><subfield code="0">(IDREF)056942702</subfield></datafield><datafield ind1=" " ind2=" " tag="830"><subfield code="a">Manuscrits</subfield><subfield code="p">Minkoff</subfield><subfield code="v">32</subfield><subfield code="w">(RERO)1963059-41slsp</subfield></datafield><datafield ind1=" " ind2=" " tag="830"><subfield code="a">Manuscrits</subfield><subfield code="v">32</subfield><subfield code="w">(NEBIS)001888013EBI01</subfield></datafield><datafield ind1=" " ind2=" " tag="900"><subfield code="a">REROnoselfmerge</subfield></datafield><datafield ind1=" " ind2=" " tag="900"><subfield code="a">IDSZ2zbz mus 1999 12</subfield><subfield code="b">IDSZ2e</subfield><subfield code="c">IDSZ2meth</subfield></datafield></record>
</metadata></record>