<record><header><identifier>oai:alma.41SLSP_UGE:991000798159705502</identifier><datestamp>2023-03-31T00:18:35Z</datestamp><setSpec>uge_bcen_RapidILL_BOOK</setSpec><setSpec>uge_aaca_RapidILL_BOOK</setSpec><setSpec>uge_abels_RapidILL_BOOK</setSpec><setSpec>uge_dbu_RapidILL_BOOK</setSpec><setSpec>uge_cmu_RapidILL_BOOK</setSpec><setSpec>uge_mail_RapidILL_BOOK</setSpec><setSpec>uge_abbat_RapidILL_BOOK</setSpec><setSpec>UNIGE_ALL</setSpec><setSpec>uge_acar_RapidILL_BOOK</setSpec><setSpec>uge_aobs_RapidILL_BOOK</setSpec></header><metadata>
<record xmlns="http://www.loc.gov/MARC21/slim" xmlns:xsi="http://www.w3.org/2001/XMLSchema-instance" xsi:schemaLocation="http://www.loc.gov/MARC21/slim http://www.loc.gov/standards/marcxml/schema/MARC21slim.xsd"><leader>02511nam a2200541 c 4500</leader><controlfield tag="001">991000798159705502</controlfield><controlfield tag="005">20230330124415.0</controlfield><controlfield tag="008">201011t20092009fr            00| | fre  </controlfield><datafield ind1=" " ind2=" " tag="020"><subfield code="a">9782877723817</subfield></datafield><datafield ind1="7" ind2=" " tag="024"><subfield code="a">http://catalogue.bnf.fr/ark:/12148/cb41469138p</subfield><subfield code="2">uri</subfield></datafield><datafield ind1=" " ind2=" " tag="035"><subfield code="a">(swissbib)212391313-41slsp_network</subfield></datafield><datafield ind1=" " ind2=" " tag="035"><subfield code="a">212391313</subfield><subfield code="9">ExL</subfield></datafield><datafield ind1=" " ind2=" " tag="035"><subfield code="a">(NEBIS)010717284EBI01</subfield></datafield><datafield ind1=" " ind2=" " tag="035"><subfield code="a">(IDSBB)004869393DSV01</subfield></datafield><datafield ind1=" " ind2=" " tag="035"><subfield code="a">(RERO)R005019748-41slsp</subfield></datafield><datafield ind1=" " ind2=" " tag="035"><subfield code="a">(EXLNZ-41SLSP_NETWORK)991026908859705501</subfield></datafield><datafield ind1=" " ind2=" " tag="040"><subfield code="a">SzZuIDS BS/BE A256</subfield><subfield code="b">ger</subfield><subfield code="e">rda</subfield><subfield code="d">CH-ZuSLS</subfield></datafield><datafield ind1=" " ind2="7" tag="072"><subfield code="a">ar</subfield><subfield code="2">SzZuIDS BS/BE</subfield></datafield><datafield ind1=" " ind2="7" tag="072"><subfield code="a">ag</subfield><subfield code="2">SzZuIDS BS/BE</subfield></datafield><datafield ind1=" " ind2="7" tag="072"><subfield code="a">ha</subfield><subfield code="2">rero</subfield></datafield><datafield ind1="1" ind2="4" tag="082"><subfield code="a">930</subfield><subfield code="2">15</subfield></datafield><datafield ind1="1" ind2=" " tag="100"><subfield code="6">880-01</subfield><subfield code="a">Rémy, Bernard</subfield><subfield code="d">1942-</subfield><subfield code="0">(DE-588)138550662</subfield><subfield code="e">Verfasser</subfield><subfield code="4">aut</subfield></datafield><datafield ind1="1" ind2=" " tag="880"><subfield code="6">100-01</subfield><subfield code="a">Rémy, Bernard</subfield><subfield code="d">1942-</subfield><subfield code="0">(RERO)A020496387</subfield><subfield code="4">cre</subfield></datafield><datafield ind1="1" ind2="0" tag="245"><subfield code="a">&lt;&lt;Les&gt;&gt; femmes en Gaule romaine</subfield><subfield code="b">(Ier siècle avant J.-C. - Ve siècle après J.-C.)</subfield><subfield code="c">Bernard Rémy, Nicolas Mathieu ; avec la collab. de Monique Dondin-Payre ... [et al.]</subfield></datafield><datafield ind1=" " ind2="1" tag="264"><subfield code="a">Paris</subfield><subfield code="b">Edition Errance</subfield><subfield code="c">[2009]</subfield></datafield><datafield ind1=" " ind2="4" tag="264"><subfield code="c">© 2009</subfield></datafield><datafield ind1=" " ind2=" " tag="300"><subfield code="a">239 Seiten</subfield><subfield code="b">Illustrationen</subfield></datafield><datafield ind1=" " ind2=" " tag="336"><subfield code="b">txt</subfield><subfield code="2">rdacontent</subfield></datafield><datafield ind1=" " ind2=" " tag="337"><subfield code="b">n</subfield><subfield code="2">rdamedia</subfield></datafield><datafield ind1=" " ind2=" " tag="338"><subfield code="b">nc</subfield><subfield code="2">rdacarrier</subfield></datafield><datafield ind1=" " ind2=" " tag="520"><subfield code="a">Frau - Familie - Ehe - Onomastik - Religion - Römerin</subfield><subfield code="5">ubs-Archäologie</subfield></datafield><datafield ind1=" " ind2="7" tag="648"><subfield code="a">Sozialgeschichte 100 v. Chr.-500</subfield><subfield code="2">gnd</subfield></datafield><datafield ind1=" " ind2="7" tag="650"><subfield code="a">Frau</subfield><subfield code="0">(DE-588)4018202-2</subfield><subfield code="2">gnd</subfield></datafield><datafield ind1=" " ind2="7" tag="650"><subfield code="a">Römerzeit</subfield><subfield code="0">(DE-588)4076769-3</subfield><subfield code="2">gnd</subfield></datafield><datafield ind1=" " ind2="7" tag="650"><subfield code="a">Frau</subfield><subfield code="z">Römer</subfield><subfield code="z">Gallien</subfield><subfield code="2">idsbb</subfield></datafield><datafield ind1=" " ind2="7" tag="650"><subfield code="a">Expansion territoriale</subfield><subfield code="z">Rome</subfield><subfield code="0">(IDREF)195064933</subfield><subfield code="2">idref</subfield></datafield><datafield ind1=" " ind2="7" tag="650"><subfield code="a">Femmes</subfield><subfield code="0">(IDREF)027537242</subfield><subfield code="2">idref</subfield></datafield><datafield ind1=" " ind2="7" tag="651"><subfield code="a">Gallien</subfield><subfield code="0">(DE-588)4019150-3</subfield><subfield code="2">gnd</subfield></datafield><datafield ind1=" " ind2="7" tag="651"><subfield code="a">Gaule</subfield><subfield code="0">(IDREF)028213092</subfield><subfield code="2">idref</subfield></datafield><datafield ind1=" " ind2=" " tag="690"><subfield code="a">Römerzeit - Frankreich</subfield><subfield code="2">ubs-A8</subfield></datafield><datafield ind1=" " ind2=" " tag="690"><subfield code="a">Sozialgeschichte - Römerzeit - Frankreich</subfield><subfield code="2">ubs-A8</subfield></datafield><datafield ind1="1" ind2=" " tag="700"><subfield code="a">Dondin-Payre, Monique</subfield><subfield code="d">1950-</subfield><subfield code="0">(DE-588)1023958244</subfield><subfield code="e">Mitwirkender</subfield><subfield code="4">ctb</subfield></datafield><datafield ind1="1" ind2=" " tag="700"><subfield code="6">880-03</subfield><subfield code="a">Mathieu, Nicolas</subfield><subfield code="d">1959-</subfield><subfield code="0">(DE-588)1022878549</subfield><subfield code="e">Verfasser</subfield><subfield code="4">aut</subfield></datafield><datafield ind1="1" ind2=" " tag="880"><subfield code="6">700-03</subfield><subfield code="a">Mathieu, Nicolas</subfield><subfield code="d">1959-</subfield><subfield code="0">(RERO)A020203233</subfield></datafield><datafield ind1="4" ind2=" " tag="856"><subfield code="u">http://bvbr.bib-bvb.de:8991/exlibris/aleph/a22_1/apache_media/XRDH9VND1PHPD8999Q6I8HY1T4RRNM.pdf</subfield><subfield code="x">UZH-HS</subfield><subfield code="z">Freier Zugriff/Accès libre via World Wide Web</subfield><subfield code="z">Inhaltsverzeichnis=Table des matières</subfield></datafield><datafield ind1="4" ind2=" " tag="856"><subfield code="3">Inhaltsverzeichnis</subfield><subfield code="u">http://www.ub.unibas.ch/tox/HBZ/HT015921214/PDF</subfield><subfield code="q">pdf</subfield></datafield><datafield ind1=" " ind2=" " tag="900"><subfield code="a">REROnoselfmerge</subfield></datafield><datafield ind1=" " ind2=" " tag="949"><subfield code="a">http://bvbr.bib-bvb.de:8991/exlibris/aleph/a22_1/apache_media/XRDH9VND1PHPD8999Q6I8HY1T4RRNM.pdf</subfield></datafield><datafield ind1=" " ind2=" " tag="949"><subfield code="a">http://www.ub.unibas.ch/tox/HBZ/HT015921214/PDF</subfield></datafield></record>
</metadata></record>