<record><header><identifier>oai:alma.41SLSP_UGE:991000797749705502</identifier><datestamp>2023-03-01T01:10:03Z</datestamp><setSpec>uge_bcen_RapidILL_BOOK</setSpec><setSpec>uge_aaca_RapidILL_BOOK</setSpec><setSpec>uge_abels_RapidILL_BOOK</setSpec><setSpec>uge_dbu_RapidILL_BOOK</setSpec><setSpec>uge_cmu_RapidILL_BOOK</setSpec><setSpec>uge_mail_RapidILL_BOOK</setSpec><setSpec>UNIGE_ALL</setSpec><setSpec>uge_abbat_RapidILL_BOOK</setSpec><setSpec>uge_aobs_RapidILL_BOOK</setSpec><setSpec>uge_acar_RapidILL_BOOK</setSpec></header><metadata>
<record xmlns="http://www.loc.gov/MARC21/slim" xmlns:xsi="http://www.w3.org/2001/XMLSchema-instance" xsi:schemaLocation="http://www.loc.gov/MARC21/slim http://www.loc.gov/standards/marcxml/schema/MARC21slim.xsd"><leader>00872nam a2200289 c 4500</leader><controlfield tag="001">991000797749705502</controlfield><controlfield tag="005">20201225192708.0</controlfield><controlfield tag="008">920724s1947    sz ||||| |||| 00| ||roh d</controlfield><datafield ind1=" " ind2=" " tag="035"><subfield code="a">(swissbib)086741713-41slsp_network</subfield></datafield><datafield ind1=" " ind2=" " tag="035"><subfield code="a">086741713</subfield><subfield code="9">ExL</subfield></datafield><datafield ind1=" " ind2=" " tag="035"><subfield code="a">(RERO)1555719-41slsp</subfield></datafield><datafield ind1=" " ind2=" " tag="035"><subfield code="a">(EXLNZ-41SLSP_NETWORK)991158198139705501</subfield></datafield><datafield ind1=" " ind2=" " tag="040"><subfield code="a">RERO geulha</subfield><subfield code="d">CH-ZuSLS</subfield></datafield><datafield ind1="1" ind2=" " tag="041"><subfield code="a">roh</subfield><subfield code="h">roh</subfield></datafield><datafield ind1=" " ind2="7" tag="072"><subfield code="a">ro</subfield><subfield code="2">rero</subfield></datafield><datafield ind1="1" ind2=" " tag="080"><subfield code="a">859&quot;18/-&quot;=01</subfield></datafield><datafield ind1="1" ind2=" " tag="100"><subfield code="a">Fontana, Gian</subfield><subfield code="0">(RERO)A003252034</subfield><subfield code="4">cre</subfield></datafield><datafield ind1="1" ind2="0" tag="245"><subfield code="a">Sidonia Caplazi</subfield><subfield code="c">Da Gian Fontana ; ladin da D. Vonzun</subfield></datafield><datafield ind1=" " ind2="1" tag="264"><subfield code="a">Lavin</subfield><subfield code="b">[Brunner]</subfield><subfield code="c">1947</subfield></datafield><datafield ind1=" " ind2=" " tag="300"><subfield code="a">66 p.</subfield><subfield code="c">20 cm</subfield></datafield><datafield ind1=" " ind2=" " tag="336"><subfield code="b">txt</subfield><subfield code="2">rdacontent</subfield></datafield><datafield ind1=" " ind2=" " tag="337"><subfield code="b">n</subfield><subfield code="2">rdamedia</subfield></datafield><datafield ind1=" " ind2=" " tag="338"><subfield code="b">nc</subfield><subfield code="2">rdacarrier</subfield></datafield><datafield ind1="1" ind2=" " tag="490"><subfield code="a">Chasa paterna</subfield><subfield code="v">56</subfield></datafield><datafield ind1=" " ind2=" " tag="500"><subfield code="a">Trad. du sursilvan en ladin</subfield></datafield><datafield ind1="1" ind2=" " tag="700"><subfield code="a">Vonzun, Dumeng</subfield><subfield code="0">(RERO)A003949605</subfield></datafield><datafield ind1=" " ind2=" " tag="830"><subfield code="a">Chasa Paterna</subfield><subfield code="v">56</subfield><subfield code="w">(RERO)0501950-41slsp</subfield></datafield><datafield ind1=" " ind2=" " tag="900"><subfield code="a">REROnoselfmerge</subfield></datafield><datafield ind1=" " ind2=" " tag="993"><subfield code="a">BFLA 56907</subfield><subfield code="x">ge/ulro/a/92/48</subfield><subfield code="9">LOCAL</subfield></datafield></record>
</metadata></record>