<record><header><identifier>oai:alma.41SLSP_UGE:991000797619705502</identifier><datestamp>2023-03-27T00:12:56Z</datestamp><setSpec>uge_bcen_RapidILL_BOOK</setSpec><setSpec>uge_aaca_RapidILL_BOOK</setSpec><setSpec>uge_abels_RapidILL_BOOK</setSpec><setSpec>uge_dbu_RapidILL_BOOK</setSpec><setSpec>uge_cmu_RapidILL_BOOK</setSpec><setSpec>uge_mail_RapidILL_BOOK</setSpec><setSpec>uge_abbat_RapidILL_BOOK</setSpec><setSpec>UNIGE_ALL</setSpec><setSpec>uge_acar_RapidILL_BOOK</setSpec><setSpec>uge_aobs_RapidILL_BOOK</setSpec></header><metadata>
<record xmlns="http://www.loc.gov/MARC21/slim" xmlns:xsi="http://www.w3.org/2001/XMLSchema-instance" xsi:schemaLocation="http://www.loc.gov/MARC21/slim http://www.loc.gov/standards/marcxml/schema/MARC21slim.xsd"><leader>01766nam a2200433 c 4500</leader><controlfield tag="001">991000797619705502</controlfield><controlfield tag="005">20230325204754.0</controlfield><controlfield tag="008">201011s1978    fr ||||| |||| 00| ||fre d</controlfield><datafield ind1=" " ind2=" " tag="035"><subfield code="a">(swissbib)225687089-41slsp_network</subfield></datafield><datafield ind1=" " ind2=" " tag="035"><subfield code="a">225687089</subfield><subfield code="9">ExL</subfield></datafield><datafield ind1=" " ind2=" " tag="035"><subfield code="a">(RERO)0166773-41slsp</subfield></datafield><datafield ind1=" " ind2=" " tag="035"><subfield code="a">(NEBIS)003001911EBI01</subfield></datafield><datafield ind1=" " ind2=" " tag="035"><subfield code="a">(EXLNZ-41SLSP_NETWORK)991139498359705501</subfield></datafield><datafield ind1=" " ind2=" " tag="040"><subfield code="a">RERO</subfield><subfield code="d">CH-ZuSLS</subfield></datafield><datafield ind1=" " ind2="7" tag="072"><subfield code="a">go</subfield><subfield code="2">rero</subfield></datafield><datafield ind1=" " ind2="7" tag="072"><subfield code="a">ss</subfield><subfield code="2">rero</subfield></datafield><datafield ind1="0" ind2="0" tag="082"><subfield code="a">944/.582</subfield></datafield><datafield ind1="0" ind2="4" tag="082"><subfield code="a">305.8</subfield></datafield><datafield ind1="1" ind2=" " tag="100"><subfield code="a">Boudjikanian-Keuroghlian, Aïda</subfield><subfield code="0">(IDREF)07410148X</subfield><subfield code="4">cre</subfield></datafield><datafield ind1="1" ind2="0" tag="245"><subfield code="a">&lt;&lt;Les&gt;&gt; Arméniens dans la région Rhône-Alpes</subfield><subfield code="b">essai géographique sur les rapports d'une minorité ethnique avec son milieu d'accueil</subfield><subfield code="c">Aïda Boudjikanian-Keuroghlian</subfield></datafield><datafield ind1=" " ind2="1" tag="264"><subfield code="a">Lyon</subfield><subfield code="b">Association des Amis de la Revue de Géographie de Lyon</subfield><subfield code="b">Audin</subfield><subfield code="c">1978</subfield></datafield><datafield ind1=" " ind2=" " tag="300"><subfield code="a">214 p.</subfield><subfield code="b">fig.</subfield><subfield code="c">24 cm</subfield></datafield><datafield ind1=" " ind2=" " tag="336"><subfield code="b">txt</subfield><subfield code="2">rdacontent</subfield></datafield><datafield ind1=" " ind2=" " tag="337"><subfield code="b">n</subfield><subfield code="2">rdamedia</subfield></datafield><datafield ind1=" " ind2=" " tag="338"><subfield code="b">nc</subfield><subfield code="2">rdacarrier</subfield></datafield><datafield ind1="1" ind2=" " tag="490"><subfield code="a">Revue de géographie de Lyon</subfield><subfield code="v">1978 hors série</subfield></datafield><datafield ind1=" " ind2="7" tag="650"><subfield code="a">Arméniens</subfield><subfield code="0">(IDREF)027297195</subfield><subfield code="2">idref</subfield></datafield><datafield ind1=" " ind2="7" tag="650"><subfield code="a">Français d'origine arménienne</subfield><subfield code="0">(IDREF)032122500</subfield><subfield code="2">idref</subfield></datafield><datafield ind1=" " ind2="7" tag="650"><subfield code="a">Armenier</subfield><subfield code="0">(DE-588)4085933-2</subfield><subfield code="2">gnd</subfield></datafield><datafield ind1=" " ind2="7" tag="650"><subfield code="a">Nationale Minderheit</subfield><subfield code="0">(DE-588)4039409-8</subfield><subfield code="2">gnd</subfield></datafield><datafield ind1=" " ind2="0" tag="650"><subfield code="a">Armenians</subfield><subfield code="z">France</subfield><subfield code="z">Rhône-Alpes</subfield></datafield><datafield ind1=" " ind2="7" tag="651"><subfield code="a">Rhône-Alpes (France)</subfield><subfield code="0">(IDREF)027267571</subfield><subfield code="2">idref</subfield></datafield><datafield ind1=" " ind2="7" tag="651"><subfield code="a">À l'étranger</subfield><subfield code="0">(IDREF)028686322</subfield><subfield code="2">idref</subfield></datafield><datafield ind1=" " ind2="7" tag="651"><subfield code="a">Rhône-Alpes</subfield><subfield code="0">(DE-588)4363188-5</subfield><subfield code="2">gnd</subfield></datafield><datafield ind1=" " ind2="0" tag="651"><subfield code="a">Rhône-Alpes (France)</subfield><subfield code="x">Ethnic relations</subfield></datafield><datafield ind1=" " ind2=" " tag="690"><subfield code="a">Armenien / Verhältnis zu einzelnen</subfield><subfield code="2">uzb-Z9</subfield></datafield><datafield ind1="2" ind2=" " tag="710"><subfield code="a">Association des amis de la Revue de géographie de Lyon</subfield><subfield code="0">(DE-588)1086766776</subfield></datafield><datafield ind1=" " ind2=" " tag="830"><subfield code="a">Revue de géographie de Lyon</subfield><subfield code="v">1978</subfield><subfield code="w">(RERO)0102260-41slsp</subfield></datafield><datafield ind1=" " ind2=" " tag="900"><subfield code="a">REROnoselfmerge</subfield></datafield><datafield ind1=" " ind2=" " tag="900"><subfield code="a">IDSZRMedeaZBZ</subfield></datafield></record>
</metadata></record>