<record><header><identifier>oai:alma.41SLSP_UGE:991000794119705502</identifier><datestamp>2024-03-22T01:20:27Z</datestamp><setSpec>uge_bcen_RapidILL_BOOK</setSpec><setSpec>uge_aaca_RapidILL_BOOK</setSpec><setSpec>uge_abels_RapidILL_BOOK</setSpec><setSpec>uge_dbu_RapidILL_BOOK</setSpec><setSpec>uge_cmu_RapidILL_BOOK</setSpec><setSpec>uge_mail_RapidILL_BOOK</setSpec><setSpec>uge_abbat_RapidILL_BOOK</setSpec><setSpec>UNIGE_ALL</setSpec><setSpec>uge_acar_RapidILL_BOOK</setSpec><setSpec>uge_aobs_RapidILL_BOOK</setSpec></header><metadata>
<record xmlns="http://www.loc.gov/MARC21/slim" xmlns:xsi="http://www.w3.org/2001/XMLSchema-instance" xsi:schemaLocation="http://www.loc.gov/MARC21/slim http://www.loc.gov/standards/marcxml/schema/MARC21slim.xsd"><leader>01311nam a2200349 ca4500</leader><controlfield tag="001">991000794119705502</controlfield><controlfield tag="005">20240321234455.0</controlfield><controlfield tag="008">000928m19921993sz ||||| |||| 00| ||ger d</controlfield><datafield ind1=" " ind2=" " tag="019"><subfield code="a">Übergeordnete Aufnahme = Niveau supérieur = Livello superiore</subfield><subfield code="5">SLSP/2020</subfield></datafield><datafield ind1=" " ind2=" " tag="035"><subfield code="a">(swissbib)087417464-41slsp_network</subfield></datafield><datafield ind1=" " ind2=" " tag="035"><subfield code="a">087417464</subfield><subfield code="9">ExL</subfield></datafield><datafield ind1=" " ind2=" " tag="035"><subfield code="a">(RERO)1658243-41slsp</subfield></datafield><datafield ind1=" " ind2=" " tag="035"><subfield code="a">(EXLNZ-41SLSP_NETWORK)991029120729705501</subfield></datafield><datafield ind1=" " ind2=" " tag="040"><subfield code="a">RERO larero</subfield><subfield code="d">CH-ZuSLS</subfield></datafield><datafield ind1="0" ind2=" " tag="041"><subfield code="a">ger</subfield><subfield code="a">fre</subfield></datafield><datafield ind1=" " ind2="7" tag="072"><subfield code="a">se</subfield><subfield code="2">rero</subfield></datafield><datafield ind1="0" ind2="0" tag="245"><subfield code="a">Bevölkerungsstruktur</subfield><subfield code="c">Bundesamt für Statistik = Structure de la population / Office fédéral de la statistique</subfield></datafield><datafield ind1="1" ind2=" " tag="246"><subfield code="a">Structure de la population</subfield></datafield><datafield ind1=" " ind2="1" tag="264"><subfield code="a">Bern</subfield><subfield code="b">Bundesamt für Statistik</subfield><subfield code="c">1992</subfield></datafield><datafield ind1=" " ind2=" " tag="300"><subfield code="a">2 vol.</subfield><subfield code="b">ill.</subfield><subfield code="c">30 cm</subfield></datafield><datafield ind1=" " ind2=" " tag="336"><subfield code="b">txt</subfield><subfield code="2">rdacontent</subfield></datafield><datafield ind1=" " ind2=" " tag="337"><subfield code="b">n</subfield><subfield code="2">rdamedia</subfield></datafield><datafield ind1=" " ind2=" " tag="338"><subfield code="b">nc</subfield><subfield code="2">rdacarrier</subfield></datafield><datafield ind1="1" ind2=" " tag="490"><subfield code="a">Eidgenössische Volkszählung 1990</subfield></datafield><datafield ind1="1" ind2=" " tag="490"><subfield code="a">Statistik der Schweiz. 1, Bevölkerung</subfield></datafield><datafield ind1=" " ind2="7" tag="650"><subfield code="a">Population</subfield><subfield code="0">(IDREF)027546071</subfield><subfield code="2">idref</subfield></datafield><datafield ind1=" " ind2="7" tag="650"><subfield code="a">1990</subfield><subfield code="2">rero</subfield></datafield><datafield ind1=" " ind2="7" tag="651"><subfield code="a">Suisse</subfield><subfield code="0">(IDREF)027249654</subfield><subfield code="2">idref</subfield></datafield><datafield ind1=" " ind2="7" tag="655"><subfield code="a">Statistiques</subfield><subfield code="0">(IDREF)028627008</subfield><subfield code="2">idref</subfield></datafield><datafield ind1="1" ind2=" " tag="710"><subfield code="a">Suisse</subfield><subfield code="b">Office fédéral de la statistique</subfield><subfield code="0">(IDREF)026401738</subfield></datafield><datafield ind1=" " ind2="0" tag="830"><subfield code="a">Eidgenössische Volkszählung 1990</subfield></datafield><datafield ind1=" " ind2="0" tag="830"><subfield code="a">Statistik der Schweiz</subfield><subfield code="n">01</subfield><subfield code="p">Bevölkerung</subfield></datafield><datafield ind1=" " ind2=" " tag="900"><subfield code="a">REROnoselfmerge</subfield></datafield></record>
</metadata></record>