<record><header><identifier>oai:alma.41SLSP_UGE:991000794639705502</identifier><datestamp>2023-03-01T01:10:04Z</datestamp><setSpec>UNIGE_ALL</setSpec></header><metadata>
<record xmlns="http://www.loc.gov/MARC21/slim" xmlns:xsi="http://www.w3.org/2001/XMLSchema-instance" xsi:schemaLocation="http://www.loc.gov/MARC21/slim http://www.loc.gov/standards/marcxml/schema/MARC21slim.xsd"><leader>00922nim a2200277 c 4500</leader><controlfield tag="001">991000794639705502</controlfield><controlfield tag="005">20201225181249.0</controlfield><controlfield tag="007">ss |||||||||||</controlfield><controlfield tag="008">930716s1993    sz ||n||            fre d</controlfield><datafield ind1=" " ind2=" " tag="035"><subfield code="a">(swissbib)087777088-41slsp_network</subfield></datafield><datafield ind1=" " ind2=" " tag="035"><subfield code="a">087777088</subfield><subfield code="9">ExL</subfield></datafield><datafield ind1=" " ind2=" " tag="035"><subfield code="a">(RERO)1712746-41slsp</subfield></datafield><datafield ind1=" " ind2=" " tag="035"><subfield code="a">(EXLNZ-41SLSP_NETWORK)991020595119705501</subfield></datafield><datafield ind1=" " ind2=" " tag="040"><subfield code="a">RERO geumed</subfield><subfield code="d">CH-ZuSLS</subfield></datafield><datafield ind1=" " ind2=" " tag="044"><subfield code="a">sz</subfield><subfield code="c">ch-ge</subfield></datafield><datafield ind1=" " ind2="7" tag="072"><subfield code="a">me</subfield><subfield code="2">rero</subfield></datafield><datafield ind1=" " ind2="7" tag="072"><subfield code="a">pa</subfield><subfield code="2">rero</subfield></datafield><datafield ind1="1" ind2=" " tag="100"><subfield code="a">Dayer, Pierre</subfield><subfield code="0">(IDREF)035619228</subfield><subfield code="4">cre</subfield></datafield><datafield ind1="1" ind2="0" tag="245"><subfield code="a">Du bon usage des médicaments</subfield><subfield code="b">des essais cliniques à la pharmacie de ménage</subfield><subfield code="c">Pierre Dayer</subfield></datafield><datafield ind1=" " ind2="1" tag="264"><subfield code="a">Genève</subfield><subfield code="b">Laboratoire audiovisuel universitaire [prod.]</subfield><subfield code="c">1993</subfield></datafield><datafield ind1=" " ind2=" " tag="300"><subfield code="a">1 cassette sonore (70 min.)</subfield></datafield><datafield ind1=" " ind2=" " tag="336"><subfield code="b">spw</subfield><subfield code="2">rdacontent</subfield></datafield><datafield ind1=" " ind2=" " tag="337"><subfield code="b">s</subfield><subfield code="2">rdamedia</subfield></datafield><datafield ind1=" " ind2=" " tag="338"><subfield code="b">ss</subfield><subfield code="2">rdacarrier</subfield></datafield><datafield ind1=" " ind2=" " tag="500"><subfield code="a">Conférence de l'Université du 3ème âge. Section médicale</subfield></datafield><datafield ind1=" " ind2=" " tag="500"><subfield code="a">Donnée le 28 mai 1993</subfield></datafield><datafield ind1=" " ind2=" " tag="900"><subfield code="a">REROnoselfmerge</subfield></datafield></record>
</metadata></record>