<record><header><identifier>oai:alma.41SLSP_UGE:991000794749705502</identifier><datestamp>2023-03-01T01:10:04Z</datestamp><setSpec>uge_bcen_RapidILL_BOOK</setSpec><setSpec>uge_aaca_RapidILL_BOOK</setSpec><setSpec>uge_abels_RapidILL_BOOK</setSpec><setSpec>uge_dbu_RapidILL_BOOK</setSpec><setSpec>uge_cmu_RapidILL_BOOK</setSpec><setSpec>uge_mail_RapidILL_BOOK</setSpec><setSpec>UNIGE_ALL</setSpec><setSpec>uge_abbat_RapidILL_BOOK</setSpec><setSpec>uge_aobs_RapidILL_BOOK</setSpec><setSpec>uge_acar_RapidILL_BOOK</setSpec></header><metadata>
<record xmlns="http://www.loc.gov/MARC21/slim" xmlns:xsi="http://www.w3.org/2001/XMLSchema-instance" xsi:schemaLocation="http://www.loc.gov/MARC21/slim http://www.loc.gov/standards/marcxml/schema/MARC21slim.xsd"><leader>03230nam a2200373 c 4500</leader><controlfield tag="001">991000794749705502</controlfield><controlfield tag="005">20201227134249.0</controlfield><controlfield tag="008">020725s2002    ru ||||| |||| 00| ||rus d</controlfield><datafield ind1=" " ind2=" " tag="020"><subfield code="z">5932640227</subfield></datafield><datafield ind1=" " ind2=" " tag="020"><subfield code="a">5932640367</subfield><subfield code="q">T. 5</subfield></datafield><datafield ind1="7" ind2=" " tag="024"><subfield code="a">http://catalogue.bnf.fr/ark:/12148/cb38973731d</subfield><subfield code="2">uri</subfield></datafield><datafield ind1=" " ind2=" " tag="035"><subfield code="a">(swissbib)09803961X-41slsp_network</subfield></datafield><datafield ind1=" " ind2=" " tag="035"><subfield code="a">09803961X</subfield><subfield code="9">ExL</subfield></datafield><datafield ind1=" " ind2=" " tag="035"><subfield code="a">(RERO)R003222763-41slsp</subfield></datafield><datafield ind1=" " ind2=" " tag="035"><subfield code="a">(EXLNZ-41SLSP_NETWORK)991090585039705501</subfield></datafield><datafield ind1=" " ind2=" " tag="040"><subfield code="a">RERO geulru</subfield><subfield code="d">CH-ZuSLS</subfield></datafield><datafield ind1=" " ind2="7" tag="072"><subfield code="a">ru</subfield><subfield code="2">rero</subfield></datafield><datafield ind1="1" ind2=" " tag="100"><subfield code="6">880-01</subfield><subfield code="a">Sologub, Fedor Kuzʹmič</subfield><subfield code="d">1863-1927</subfield><subfield code="0">(IDREF)027143155</subfield><subfield code="4">cre</subfield></datafield><datafield ind1="1" ind2=" " tag="880"><subfield code="6">100-01/(N</subfield><subfield code="a">Сологуб, Федор</subfield><subfield code="d">1863-1927</subfield></datafield><datafield ind1="1" ind2="0" tag="245"><subfield code="6">880-02</subfield><subfield code="a">Liturgii︠a︡ mne</subfield><subfield code="b">misterii, dramy, povesti, rasskazy</subfield><subfield code="c">Fedor Sologub; [sost. i avtor primechaniĭ T.F. Prokopov]</subfield></datafield><datafield ind1="1" ind2="0" tag="880"><subfield code="6">245-02/(N</subfield><subfield code="a">Литургия мне</subfield><subfield code="b">мистерии, драмы, повести, рассказы</subfield><subfield code="c">Федор Сологуб ; [сост. и автор примечаний Т.Ф. Прокопов]</subfield></datafield><datafield ind1="1" ind2=" " tag="246"><subfield code="a">Liturguja mne</subfield><subfield code="b">misterii, dramy, povesti, rasskazy / Fedor Sologub; [sost. i avtor primečanij T.F. Prokopov]</subfield></datafield><datafield ind1=" " ind2="1" tag="264"><subfield code="6">880-03</subfield><subfield code="a">Moskva</subfield><subfield code="b">NPK &quot;Intelvak&quot;</subfield><subfield code="c">2002</subfield></datafield><datafield ind1=" " ind2="1" tag="880"><subfield code="6">264-03/(N</subfield><subfield code="a">Москва</subfield><subfield code="b">НПК &quot;Интелвак&quot;</subfield><subfield code="c">2002</subfield></datafield><datafield ind1=" " ind2=" " tag="300"><subfield code="a">684 p.</subfield><subfield code="c">20 cm</subfield></datafield><datafield ind1=" " ind2=" " tag="336"><subfield code="b">txt</subfield><subfield code="2">rdacontent</subfield></datafield><datafield ind1=" " ind2=" " tag="337"><subfield code="b">n</subfield><subfield code="2">rdamedia</subfield></datafield><datafield ind1=" " ind2=" " tag="338"><subfield code="b">nc</subfield><subfield code="2">rdacarrier</subfield></datafield><datafield ind1="1" ind2=" " tag="490"><subfield code="6">880-04</subfield><subfield code="a">Sobranie sočinenij v šesti tomach / Fedor Sologub</subfield><subfield code="v">5</subfield></datafield><datafield ind1="0" ind2=" " tag="880"><subfield code="6">490-04/(N</subfield><subfield code="a">Собрание сочинений в шести томах / Федор Сологуб</subfield><subfield code="v">5</subfield></datafield><datafield ind1="1" ind2=" " tag="700"><subfield code="6">880-05</subfield><subfield code="a">Prokopov, Timofeï Fedorovitch</subfield><subfield code="0">(IDREF)034930264</subfield></datafield><datafield ind1="1" ind2=" " tag="880"><subfield code="6">700-05/(N</subfield><subfield code="a">Прокопов, Тимофей федорович</subfield></datafield><datafield ind1="1" ind2=" " tag="800"><subfield code="6">880-09</subfield><subfield code="a">Sologub, Fyodor</subfield><subfield code="d">1863-1927</subfield><subfield code="t">Sobranie sochineniĭ v shesti tomakh</subfield><subfield code="v">5</subfield></datafield><datafield ind1="1" ind2=" " tag="880"><subfield code="6">800-09</subfield><subfield code="a">Сологуб, Федор</subfield><subfield code="d">1863-1927</subfield><subfield code="t">Собрание сочинений в шести томах</subfield><subfield code="v">5</subfield></datafield><datafield ind1=" " ind2=" " tag="900"><subfield code="a">REROnoselfmerge</subfield></datafield></record>
</metadata></record>