<record><header><identifier>oai:alma.41SLSP_UGE:991000794539705502</identifier><datestamp>2023-03-10T01:07:54Z</datestamp><setSpec>uge_bcen_RapidILL_BOOK</setSpec><setSpec>uge_aaca_RapidILL_BOOK</setSpec><setSpec>uge_abels_RapidILL_BOOK</setSpec><setSpec>uge_dbu_RapidILL_BOOK</setSpec><setSpec>uge_cmu_RapidILL_BOOK</setSpec><setSpec>uge_mail_RapidILL_BOOK</setSpec><setSpec>uge_abbat_RapidILL_BOOK</setSpec><setSpec>UNIGE_ALL</setSpec><setSpec>uge_aobs_RapidILL_BOOK</setSpec><setSpec>uge_acar_RapidILL_BOOK</setSpec></header><metadata>
<record xmlns="http://www.loc.gov/MARC21/slim" xmlns:xsi="http://www.w3.org/2001/XMLSchema-instance" xsi:schemaLocation="http://www.loc.gov/MARC21/slim http://www.loc.gov/standards/marcxml/schema/MARC21slim.xsd"><leader>01856nam a2200481 c 4500</leader><controlfield tag="001">991000794539705502</controlfield><controlfield tag="005">20230309211114.0</controlfield><controlfield tag="008">201012t20092009xxkad||| |||||00| ||eng d</controlfield><datafield ind1=" " ind2=" " tag="020"><subfield code="a">9780230203976</subfield><subfield code="q">hbk.</subfield><subfield code="c">£52.00</subfield></datafield><datafield ind1="7" ind2=" " tag="024"><subfield code="a">http://catalogue.bnf.fr/ark:/12148/cb42067295r</subfield><subfield code="2">uri</subfield></datafield><datafield ind1=" " ind2=" " tag="035"><subfield code="a">(swissbib)240070372-41slsp_network</subfield></datafield><datafield ind1=" " ind2=" " tag="035"><subfield code="a">240070372</subfield><subfield code="9">ExL</subfield></datafield><datafield ind1=" " ind2=" " tag="035"><subfield code="a">(RERO)R005161789-41slsp</subfield></datafield><datafield ind1=" " ind2=" " tag="035"><subfield code="a">(NEBIS)005921404EBI01</subfield></datafield><datafield ind1=" " ind2=" " tag="035"><subfield code="a">(EXLNZ-41SLSP_NETWORK)991134679619705501</subfield></datafield><datafield ind1=" " ind2=" " tag="040"><subfield code="a">RERO geulhg</subfield><subfield code="d">CH-ZuSLS</subfield></datafield><datafield ind1="7" ind2="4" tag="082"><subfield code="a">940</subfield><subfield code="2">23sdnb</subfield></datafield><datafield ind1="7" ind2="4" tag="082"><subfield code="a">360</subfield><subfield code="2">23sdnb</subfield></datafield><datafield ind1="0" ind2="4" tag="082"><subfield code="a">364.942109033</subfield><subfield code="2">22</subfield></datafield><datafield ind1="1" ind2=" " tag="100"><subfield code="6">880-01</subfield><subfield code="a">Gray, Drew D.</subfield><subfield code="0">(IDREF)14566306X</subfield><subfield code="4">aut</subfield></datafield><datafield ind1="1" ind2=" " tag="880"><subfield code="6">100-01</subfield><subfield code="a">Gray, Drew D.</subfield><subfield code="4">aut</subfield><subfield code="0">(DE-588)139331794</subfield></datafield><datafield ind1="1" ind2="0" tag="245"><subfield code="a">Crime, prosecution and social relations</subfield><subfield code="b">the summary courts of the city of London in the late Eighteenth century</subfield><subfield code="c">Drew D. Gray</subfield></datafield><datafield ind1=" " ind2="1" tag="264"><subfield code="a">Basingstoke</subfield><subfield code="b">Palgrave Macmillan</subfield><subfield code="c">2009</subfield></datafield><datafield ind1=" " ind2="4" tag="264"><subfield code="c">© 2009</subfield></datafield><datafield ind1=" " ind2=" " tag="300"><subfield code="a">xii, 228 pages</subfield><subfield code="b">figures, tables</subfield></datafield><datafield ind1=" " ind2=" " tag="336"><subfield code="b">txt</subfield><subfield code="2">rdacontent</subfield></datafield><datafield ind1=" " ind2=" " tag="337"><subfield code="b">n</subfield><subfield code="2">rdamedia</subfield></datafield><datafield ind1=" " ind2=" " tag="338"><subfield code="b">nc</subfield><subfield code="2">rdacarrier</subfield></datafield><datafield ind1=" " ind2=" " tag="504"><subfield code="a">Bibliography: pages 206-223</subfield></datafield><datafield ind1=" " ind2=" " tag="504"><subfield code="a">Index</subfield></datafield><datafield ind1=" " ind2="7" tag="650"><subfield code="a">Tribunaux de police</subfield><subfield code="0">(IDREF)030634342</subfield><subfield code="2">idref</subfield></datafield><datafield ind1=" " ind2="7" tag="650"><subfield code="a">18e siècle</subfield><subfield code="0">(IDREF)027794512</subfield><subfield code="2">idref</subfield></datafield><datafield ind1=" " ind2="7" tag="651"><subfield code="a">Londres (GB)</subfield><subfield code="0">(IDREF)027237249</subfield><subfield code="2">idref</subfield></datafield><datafield ind1=" " ind2="7" tag="648"><subfield code="a">Geschichte 1750-1800</subfield><subfield code="2">idszbz</subfield></datafield><datafield ind1=" " ind2="7" tag="650"><subfield code="a">Strafgewalt</subfield><subfield code="2">idszbz</subfield></datafield><datafield ind1=" " ind2="7" tag="650"><subfield code="a">Strafverfahren</subfield><subfield code="2">idszbz</subfield></datafield><datafield ind1=" " ind2="7" tag="650"><subfield code="a">Sozialgeschichte</subfield><subfield code="2">idszbz</subfield></datafield><datafield ind1=" " ind2="7" tag="650"><subfield code="a">Gericht</subfield><subfield code="2">idszbz</subfield></datafield><datafield ind1=" " ind2="7" tag="651"><subfield code="a">London</subfield><subfield code="2">idszbz</subfield></datafield><datafield ind1="4" ind2=" " tag="856"><subfield code="3">Titelblatt und Inhaltsverzeichnis</subfield><subfield code="u">https://toc.library.ethz.ch/objects/pdf/z16_978-0-230-20397-6_01.pdf</subfield><subfield code="q">pdf</subfield></datafield><datafield ind1=" " ind2=" " tag="900"><subfield code="a">REROnoselfmerge</subfield></datafield><datafield ind1=" " ind2=" " tag="900"><subfield code="a">IDSZ2rwimon200912f</subfield><subfield code="c">IDSZ2buche 091228</subfield><subfield code="d">IDSZ2rwiswk201002b</subfield><subfield code="e">IDSZ2berna</subfield></datafield><datafield ind1=" " ind2=" " tag="903"><subfield code="a">RERO-SIGN</subfield><subfield code="5">UNIGE/20220718/yvc</subfield></datafield><datafield ind1=" " ind2=" " tag="949"><subfield code="a">https://toc.library.ethz.ch/objects/pdf/z16_978-0-230-20397-6_01.pdf</subfield></datafield></record>
</metadata></record>