<record><header><identifier>oai:alma.41SLSP_UGE:991000794859705502</identifier><datestamp>2023-03-01T01:10:04Z</datestamp><setSpec>uge_bcen_RapidILL_BOOK</setSpec><setSpec>uge_aaca_RapidILL_BOOK</setSpec><setSpec>uge_abels_RapidILL_BOOK</setSpec><setSpec>uge_dbu_RapidILL_BOOK</setSpec><setSpec>uge_cmu_RapidILL_BOOK</setSpec><setSpec>uge_mail_RapidILL_BOOK</setSpec><setSpec>UNIGE_ALL</setSpec><setSpec>uge_abbat_RapidILL_BOOK</setSpec><setSpec>uge_aobs_RapidILL_BOOK</setSpec><setSpec>uge_acar_RapidILL_BOOK</setSpec></header><metadata>
<record xmlns="http://www.loc.gov/MARC21/slim" xmlns:xsi="http://www.w3.org/2001/XMLSchema-instance" xsi:schemaLocation="http://www.loc.gov/MARC21/slim http://www.loc.gov/standards/marcxml/schema/MARC21slim.xsd"><leader>01092nam a2200301 c 4500</leader><controlfield tag="001">991000794859705502</controlfield><controlfield tag="005">20201222203117.0</controlfield><controlfield tag="008">120702s2002    cl ||||| |||| 00| ||spa d</controlfield><datafield ind1=" " ind2=" " tag="020"><subfield code="a">9561703270</subfield></datafield><datafield ind1=" " ind2=" " tag="020"><subfield code="a">9789561703278</subfield></datafield><datafield ind1=" " ind2=" " tag="035"><subfield code="a">(swissbib)116129506-41slsp_network</subfield></datafield><datafield ind1=" " ind2=" " tag="035"><subfield code="a">116129506</subfield><subfield code="9">ExL</subfield></datafield><datafield ind1=" " ind2=" " tag="035"><subfield code="a">(RERO)R007096406-41slsp</subfield></datafield><datafield ind1=" " ind2=" " tag="035"><subfield code="a">(EXLNZ-41SLSP_NETWORK)991043498379705501</subfield></datafield><datafield ind1=" " ind2=" " tag="040"><subfield code="a">ZWZ</subfield><subfield code="d">CH-ZuSLS</subfield></datafield><datafield ind1=" " ind2="4" tag="050"><subfield code="a">DG</subfield></datafield><datafield ind1=" " ind2="7" tag="072"><subfield code="a">ha</subfield><subfield code="2">rero</subfield></datafield><datafield ind1="1" ind2=" " tag="100"><subfield code="a">Buono-Core Varas, Raúl</subfield><subfield code="0">(IDREF)080164307</subfield><subfield code="4">cre</subfield></datafield><datafield ind1="1" ind2="0" tag="245"><subfield code="a">Roma republicana</subfield><subfield code="b">Estrategias, expansión y dominios (525-31 a.C.)</subfield><subfield code="c">Raúl Buono-Core V.</subfield></datafield><datafield ind1=" " ind2="1" tag="264"><subfield code="a">Valparaiso</subfield><subfield code="b">Universidad Católica de Valparaíso, Instituto de Historia</subfield><subfield code="c">2002</subfield></datafield><datafield ind1=" " ind2=" " tag="300"><subfield code="a">1 vol. (344 p.)</subfield><subfield code="b">ill.</subfield><subfield code="c">24 cm.</subfield></datafield><datafield ind1=" " ind2=" " tag="336"><subfield code="b">txt</subfield><subfield code="2">rdacontent</subfield></datafield><datafield ind1=" " ind2=" " tag="337"><subfield code="b">n</subfield><subfield code="2">rdamedia</subfield></datafield><datafield ind1=" " ind2=" " tag="338"><subfield code="b">nc</subfield><subfield code="2">rdacarrier</subfield></datafield><datafield ind1="1" ind2=" " tag="490"><subfield code="a">Serie Monografias historicas</subfield><subfield code="v">14</subfield></datafield><datafield ind1=" " ind2=" " tag="504"><subfield code="a">Bibliogr. p. 297-332. Index.</subfield></datafield><datafield ind1=" " ind2=" " tag="830"><subfield code="a">Monografías históricas</subfield><subfield code="p">Universidad Católica de Valparaíso, Instituto de Historia</subfield><subfield code="v">14</subfield><subfield code="w">(RERO)R007096396-41slsp</subfield></datafield><datafield ind1=" " ind2=" " tag="900"><subfield code="a">REROnoselfmerge</subfield></datafield><datafield ind1=" " ind2=" " tag="910"><subfield code="a">OCoLC</subfield><subfield code="b">20120702</subfield><subfield code="c">Droits réservés</subfield></datafield></record>
</metadata></record>