<record><header><identifier>oai:alma.41SLSP_UGE:991000794649705502</identifier><datestamp>2023-03-21T01:11:46Z</datestamp><setSpec>uge_bcen_RapidILL_BOOK</setSpec><setSpec>uge_aaca_RapidILL_BOOK</setSpec><setSpec>uge_abels_RapidILL_BOOK</setSpec><setSpec>uge_dbu_RapidILL_BOOK</setSpec><setSpec>uge_cmu_RapidILL_BOOK</setSpec><setSpec>uge_mail_RapidILL_BOOK</setSpec><setSpec>uge_abbat_RapidILL_BOOK</setSpec><setSpec>UNIGE_ALL</setSpec><setSpec>uge_acar_RapidILL_BOOK</setSpec><setSpec>uge_aobs_RapidILL_BOOK</setSpec></header><metadata>
<record xmlns="http://www.loc.gov/MARC21/slim" xmlns:xsi="http://www.w3.org/2001/XMLSchema-instance" xsi:schemaLocation="http://www.loc.gov/MARC21/slim http://www.loc.gov/standards/marcxml/schema/MARC21slim.xsd"><leader>02201nam a2200589 c 4500</leader><controlfield tag="001">991000794649705502</controlfield><controlfield tag="005">20230320213111.0</controlfield><controlfield tag="008">201011t19931993ne ||||| |||| 00| ||eng d</controlfield><datafield ind1=" " ind2=" " tag="020"><subfield code="a">9284211468</subfield><subfield code="q">ICC Pub. S.A.</subfield></datafield><datafield ind1=" " ind2=" " tag="020"><subfield code="a">9065447806</subfield><subfield code="q">Kluwer</subfield></datafield><datafield ind1=" " ind2=" " tag="035"><subfield code="a">(swissbib)216717094-41slsp_network</subfield></datafield><datafield ind1=" " ind2=" " tag="035"><subfield code="a">216717094</subfield><subfield code="9">ExL</subfield></datafield><datafield ind1=" " ind2=" " tag="035"><subfield code="a">(RERO)1849449-41slsp</subfield></datafield><datafield ind1=" " ind2=" " tag="035"><subfield code="a">(NEBIS)001692736EBI01</subfield></datafield><datafield ind1=" " ind2=" " tag="035"><subfield code="a">(IDSBB)001370350DSV01</subfield></datafield><datafield ind1=" " ind2=" " tag="035"><subfield code="a">(EXLNZ-41SLSP_NETWORK)991066195719705501</subfield></datafield><datafield ind1=" " ind2=" " tag="040"><subfield code="a">RERO laisdc</subfield><subfield code="d">CH-ZuSLS</subfield></datafield><datafield ind1=" " ind2=" " tag="044"><subfield code="a">ne</subfield><subfield code="a">xxu</subfield></datafield><datafield ind1=" " ind2="7" tag="072"><subfield code="a">dr</subfield><subfield code="2">rero</subfield></datafield><datafield ind1=" " ind2="7" tag="072"><subfield code="a">rk</subfield><subfield code="2">SzZuIDS BS/BE</subfield></datafield><datafield ind1="0" ind2="0" tag="082"><subfield code="a">341.7/53</subfield><subfield code="2">20</subfield></datafield><datafield ind1="1" ind2="4" tag="082"><subfield code="a">340</subfield><subfield code="2">15</subfield></datafield><datafield ind1=" " ind2=" " tag="084"><subfield code="a">A 31.8 h</subfield><subfield code="2">cjurrom</subfield></datafield><datafield ind1=" " ind2=" " tag="084"><subfield code="a">A 73.6 h</subfield><subfield code="2">cjurrom</subfield></datafield><datafield ind1=" " ind2=" " tag="084"><subfield code="a">A 31.8 b</subfield><subfield code="2">cjurrom</subfield></datafield><datafield ind1="0" ind2="0" tag="245"><subfield code="a">&lt;&lt;The&gt;&gt; ICC agency model contract</subfield><subfield code="b">a commentary</subfield><subfield code="c">Fabio Bortolotti (ed.) ; Didier Ferrier... [et al.]</subfield></datafield><datafield ind1=" " ind2="1" tag="264"><subfield code="a">Deventer</subfield><subfield code="a">Boston</subfield><subfield code="b">Kluwer Law and Taxation Publ.</subfield><subfield code="c">[1993]</subfield></datafield><datafield ind1=" " ind2="4" tag="264"><subfield code="c">© 1993</subfield></datafield><datafield ind1=" " ind2=" " tag="300"><subfield code="a">VIII, 168 p.</subfield><subfield code="b">tabl.</subfield><subfield code="c">25 cm</subfield><subfield code="e">2 disquettes</subfield></datafield><datafield ind1=" " ind2=" " tag="336"><subfield code="b">txt</subfield><subfield code="2">rdacontent</subfield></datafield><datafield ind1=" " ind2=" " tag="337"><subfield code="b">n</subfield><subfield code="2">rdamedia</subfield></datafield><datafield ind1=" " ind2=" " tag="338"><subfield code="b">nc</subfield><subfield code="2">rdacarrier</subfield></datafield><datafield ind1="1" ind2=" " tag="490"><subfield code="a">ICC publication</subfield><subfield code="v">no. 512</subfield></datafield><datafield ind1=" " ind2=" " tag="500"><subfield code="a">Avec deux disquettes IBM compatible insérées à la fin de l'ouvrage</subfield></datafield><datafield ind1=" " ind2=" " tag="500"><subfield code="a">A une éd. allemande, anglaise et italienne</subfield></datafield><datafield ind1=" " ind2=" " tag="504"><subfield code="a">Literaturverz.</subfield></datafield><datafield ind1="2" ind2="7" tag="610"><subfield code="a">Internationale Handelskammer</subfield><subfield code="2">idszbz</subfield></datafield><datafield ind1=" " ind2="7" tag="650"><subfield code="a">Mandat</subfield><subfield code="0">(IDREF)027812189</subfield><subfield code="2">idref</subfield></datafield><datafield ind1=" " ind2="7" tag="650"><subfield code="a">Contrats internationaux</subfield><subfield code="0">(IDREF)027690555</subfield><subfield code="2">idref</subfield></datafield><datafield ind1=" " ind2="7" tag="650"><subfield code="a">Agentur</subfield><subfield code="2">idszbz</subfield></datafield><datafield ind1=" " ind2="7" tag="650"><subfield code="a">Vertragsrecht</subfield><subfield code="2">idszbz</subfield></datafield><datafield ind1=" " ind2="0" tag="650"><subfield code="a">Agency (Law)</subfield></datafield><datafield ind1=" " ind2="0" tag="650"><subfield code="a">Commercial agents</subfield></datafield><datafield ind1=" " ind2="0" tag="650"><subfield code="a">Export sales contracts</subfield></datafield><datafield ind1=" " ind2="7" tag="650"><subfield code="a">Agenturvertrag</subfield><subfield code="x">Internationales Recht</subfield><subfield code="x">IHK-Regeln</subfield><subfield code="2">idsbb</subfield></datafield><datafield ind1=" " ind2="7" tag="650"><subfield code="a">IHK-Regeln</subfield><subfield code="x">Agenturvertrag</subfield><subfield code="x">Internationales Recht</subfield><subfield code="2">idsbb</subfield></datafield><datafield ind1=" " ind2="7" tag="655"><subfield code="a">Manuels d'enseignement</subfield><subfield code="0">(IDREF)027446514</subfield><subfield code="2">idref</subfield></datafield><datafield ind1="1" ind2=" " tag="700"><subfield code="a">Ferrier, Didier</subfield><subfield code="c">juriste</subfield><subfield code="d">1945-2020</subfield><subfield code="0">(IDREF)026863022</subfield></datafield><datafield ind1="1" ind2=" " tag="700"><subfield code="a">Bortolotti, Fabio</subfield><subfield code="d">1939-....</subfield><subfield code="0">(IDREF)066956048</subfield></datafield><datafield ind1="2" ind2=" " tag="710"><subfield code="a">Chambre de commerce internationale</subfield><subfield code="0">(RERO)A000033956</subfield></datafield><datafield ind1=" " ind2=" " tag="830"><subfield code="a">Publication / Chambre de Commerce Internationale</subfield><subfield code="v">512</subfield><subfield code="w">(RERO)0505298-41slsp</subfield></datafield><datafield ind1=" " ind2=" " tag="830"><subfield code="a">ICC publication</subfield><subfield code="v">512</subfield><subfield code="w">(NEBIS)000693975EBI01</subfield></datafield><datafield ind1=" " ind2=" " tag="900"><subfield code="a">REROnoselfmerge</subfield></datafield></record>
</metadata></record>