<record><header><identifier>oai:alma.41SLSP_UGE:991000794109705502</identifier><datestamp>2024-11-16T01:11:34Z</datestamp><setSpec>uge_bcen_RapidILL_BOOK</setSpec><setSpec>uge_aaca_RapidILL_BOOK</setSpec><setSpec>uge_abels_RapidILL_BOOK</setSpec><setSpec>uge_dbu_RapidILL_BOOK</setSpec><setSpec>uge_cmu_RapidILL_BOOK</setSpec><setSpec>uge_mail_RapidILL_BOOK</setSpec><setSpec>uge_abbat_RapidILL_BOOK</setSpec><setSpec>UNIGE_ALL</setSpec><setSpec>uge_aobs_RapidILL_BOOK</setSpec><setSpec>uge_acar_RapidILL_BOOK</setSpec></header><metadata>
<record xmlns="http://www.loc.gov/MARC21/slim" xmlns:xsi="http://www.w3.org/2001/XMLSchema-instance" xsi:schemaLocation="http://www.loc.gov/MARC21/slim http://www.loc.gov/standards/marcxml/schema/MARC21slim.xsd"><leader>02304nam a2200385 c 4500</leader><controlfield tag="001">991000794109705502</controlfield><controlfield tag="005">20241115110529.0</controlfield><controlfield tag="008">201022s1969    xxu||||| |||| 00| ||eng d</controlfield><datafield ind1=" " ind2=" " tag="035"><subfield code="a">(swissbib)252099982-41slsp_network</subfield></datafield><datafield ind1=" " ind2=" " tag="035"><subfield code="a">252099982</subfield><subfield code="9">ExL</subfield></datafield><datafield ind1=" " ind2=" " tag="035"><subfield code="a">(RERO)R008397109-41slsp</subfield></datafield><datafield ind1=" " ind2=" " tag="035"><subfield code="a">(SBT)000771308SBT01</subfield></datafield><datafield ind1=" " ind2=" " tag="035"><subfield code="a">(EXLNZ-41SLSP_NETWORK)991036469859705501</subfield></datafield><datafield ind1=" " ind2=" " tag="040"><subfield code="a">DLC</subfield><subfield code="d">CH-ZuSLS</subfield></datafield><datafield ind1=" " ind2="0" tag="050"><subfield code="a">QH104.5.W4</subfield><subfield code="b">S9</subfield></datafield><datafield ind1="1" ind2="4" tag="050"><subfield code="a">Q500.909 S</subfield></datafield><datafield ind1=" " ind2="7" tag="072"><subfield code="a">go</subfield><subfield code="2">rero</subfield></datafield><datafield ind1=" " ind2="7" tag="072"><subfield code="a">ba</subfield><subfield code="2">rero</subfield></datafield><datafield ind1="0" ind2="0" tag="082"><subfield code="a">500.9/78</subfield></datafield><datafield ind1="1" ind2=" " tag="100"><subfield code="a">Sutton, Ann</subfield><subfield code="0">(RERO)A003877655</subfield><subfield code="4">cre</subfield></datafield><datafield ind1="1" ind2="0" tag="245"><subfield code="a">&lt;&lt;The&gt;&gt; American West</subfield><subfield code="b">a natural history</subfield><subfield code="c">[by] Ann and Myron Sutton ; photos. by Ansel Adams [and others]</subfield></datafield><datafield ind1=" " ind2="1" tag="264"><subfield code="a">New York</subfield><subfield code="b">Random House</subfield><subfield code="c">[1969?]</subfield></datafield><datafield ind1=" " ind2=" " tag="300"><subfield code="a">270 pages</subfield><subfield code="b">illustrations (some color), maps</subfield><subfield code="c">33 cm</subfield></datafield><datafield ind1=" " ind2=" " tag="336"><subfield code="b">txt</subfield><subfield code="2">rdacontent</subfield></datafield><datafield ind1=" " ind2=" " tag="337"><subfield code="b">n</subfield><subfield code="2">rdamedia</subfield></datafield><datafield ind1=" " ind2=" " tag="338"><subfield code="b">nc</subfield><subfield code="2">rdacarrier</subfield></datafield><datafield ind1=" " ind2=" " tag="500"><subfield code="a">&quot;A Chanticleer Press edition.&quot;</subfield></datafield><datafield ind1=" " ind2=" " tag="504"><subfield code="a">Includes bibliographical references (page 257)</subfield></datafield><datafield ind1="0" ind2=" " tag="505"><subfield code="a">Sun, sand and saguaros: the hospitable desert -- Southwestern plateaus: high, wide, and lonesome -- Hundred worlds of the Grand Canyon -- Enchanted circle: Four Corners country -- Lesser known places of the canyonlands -- High peaks and fossil beds: the southern Rockies -- Wilderness of wonders: the middle Rockies -- Secrets of the basin and range province -- Treasures of the high Sierra: John Muir's range of light -- Of forest and sea: exploring the Pacific coast -- Volcano country: north to the Cascades -- Hidden trails in the northern Rockies -- Badlands: &quot;Hell with the fires out&quot; -- In the wilds of western Canada -- By fiord to Alaska, nature's last frontier -- Prospects for nature in the west</subfield></datafield><datafield ind1="8" ind2=" " tag="520"><subfield code="a">Many striking colored and black-and-white photographs illustrate a lucid and attractively written text which deals by geographic areas with the geology, ecology, flora, and fauna of the western United States, Alaska, and Canada and the changes destructive and constructive wrought by man there</subfield></datafield><datafield ind1=" " ind2="0" tag="650"><subfield code="a">Natural history</subfield><subfield code="z">West (U.S.)</subfield></datafield><datafield ind1=" " ind2="7" tag="650"><subfield code="a">Natura</subfield><subfield code="z">Stati Uniti d'America occidentali</subfield><subfield code="x">Fotografie</subfield><subfield code="2">sbt12</subfield></datafield><datafield ind1="1" ind2=" " tag="700"><subfield code="a">Adams, Ansel</subfield><subfield code="d">1902-1984</subfield><subfield code="0">(IDREF)032702515</subfield></datafield><datafield ind1="1" ind2=" " tag="700"><subfield code="a">Sutton, Myron</subfield><subfield code="d">1925-....</subfield><subfield code="0">(IDREF)104566248</subfield></datafield><datafield ind1=" " ind2=" " tag="900"><subfield code="a">REROnoselfmerge</subfield></datafield><datafield ind1=" " ind2=" " tag="910"><subfield code="a">OCoLC</subfield><subfield code="b">20160329</subfield><subfield code="c">Droits réservés</subfield></datafield></record>
</metadata></record>