<record><header><identifier>oai:alma.41SLSP_UGE:991000794529705502</identifier><datestamp>2023-03-13T01:06:15Z</datestamp><setSpec>uge_bcen_RapidILL_BOOK</setSpec><setSpec>uge_aaca_RapidILL_BOOK</setSpec><setSpec>uge_abels_RapidILL_BOOK</setSpec><setSpec>uge_dbu_RapidILL_BOOK</setSpec><setSpec>uge_cmu_RapidILL_BOOK</setSpec><setSpec>uge_mail_RapidILL_BOOK</setSpec><setSpec>uge_abbat_RapidILL_BOOK</setSpec><setSpec>UNIGE_ALL</setSpec><setSpec>uge_acar_RapidILL_BOOK</setSpec><setSpec>uge_aobs_RapidILL_BOOK</setSpec></header><metadata>
<record xmlns="http://www.loc.gov/MARC21/slim" xmlns:xsi="http://www.w3.org/2001/XMLSchema-instance" xsi:schemaLocation="http://www.loc.gov/MARC21/slim http://www.loc.gov/standards/marcxml/schema/MARC21slim.xsd"><leader>02760nam a22003617c 4500</leader><controlfield tag="001">991000794529705502</controlfield><controlfield tag="005">20230220193451.0</controlfield><controlfield tag="008">120427s2012    fr ||||| |||| 00| ||fre d</controlfield><datafield ind1=" " ind2=" " tag="020"><subfield code="a">9782709638067</subfield></datafield><datafield ind1="7" ind2=" " tag="024"><subfield code="a">http://catalogue.bnf.fr/ark:/12148/cb42647645x</subfield><subfield code="2">uri</subfield></datafield><datafield ind1=" " ind2=" " tag="035"><subfield code="a">(swissbib)115859446-41slsp_network</subfield></datafield><datafield ind1=" " ind2=" " tag="035"><subfield code="a">115859446</subfield><subfield code="9">ExL</subfield></datafield><datafield ind1=" " ind2=" " tag="035"><subfield code="a">(RERO)R007051997-41slsp</subfield></datafield><datafield ind1=" " ind2=" " tag="035"><subfield code="a">(EXLNZ-41SLSP_NETWORK)991059460739705501</subfield></datafield><datafield ind1=" " ind2=" " tag="040"><subfield code="a">RERO vsbcvs</subfield><subfield code="d">CH-ZuSLS</subfield></datafield><datafield ind1=" " ind2="7" tag="072"><subfield code="a">me</subfield><subfield code="2">rero</subfield></datafield><datafield ind1="1" ind2=" " tag="080"><subfield code="a">376.463(09)</subfield></datafield><datafield ind1="1" ind2=" " tag="100"><subfield code="a">Perrin, Gersende</subfield><subfield code="d">1975-....</subfield><subfield code="0">(IDREF)230249728</subfield><subfield code="4">cre</subfield></datafield><datafield ind1="1" ind2="0" tag="245"><subfield code="a">Louis, pas à pas</subfield><subfield code="c">Gersende et Francis Perrin</subfield></datafield><datafield ind1=" " ind2="1" tag="264"><subfield code="a">Paris</subfield><subfield code="b">JC Lattès</subfield><subfield code="c">2012</subfield></datafield><datafield ind1=" " ind2=" " tag="300"><subfield code="a">249 p.</subfield></datafield><datafield ind1=" " ind2=" " tag="336"><subfield code="b">txt</subfield><subfield code="2">rdacontent</subfield></datafield><datafield ind1=" " ind2=" " tag="337"><subfield code="b">n</subfield><subfield code="2">rdamedia</subfield></datafield><datafield ind1=" " ind2=" " tag="338"><subfield code="b">nc</subfield><subfield code="2">rdacarrier</subfield></datafield><datafield ind1="8" ind2=" " tag="520"><subfield code="a">Roman témoignage</subfield><subfield code="5">RERO/nebpup/10.2012/3325</subfield></datafield><datafield ind1="8" ind2=" " tag="520"><subfield code="a">&quot;Votre fils Louis est pris en charge parce que votre mari est une vedette. Il s'appelle Francis Perrin. Mais nous, on n'est pas connus, tout le monde s'en fout de notre gamin autiste !&quot; Nous avons entendu cette phrase trop souvent. Aujourd'hui, par notre engagement, nous voulons porter la voix des parents brisés, comme nous-mêmes l'avons été. En 2004, notre vie bascule au moment où un &quot;grand ponte&quot; spécialisé dans l'autisme prononce cette phrase indélébile : &quot;Faites le deuil de votre enfant !&quot; S'ensuit une année d'épreuves où des soi-disant professionnels arrivent à cette atterrante conclusion : &quot;Madame, vous êtes une mauvaise mère, Monsieur, vous êtes un père trop vieux!&quot; Ce sont eux qui nous ont fait souffrir, jamais Louis. En 2005, à l'âge de trois ans, Louis est diagnostiqué autiste sévère par des professionnels compétents qui nous font découvrir l'A.B.A. (Applied Behavior Analysis), un traitement de stimulation non médicamenteux pratiqué depuis près de cinquante ans partout dans le monde. Nous passons alors de l'avant à l'après. Louis évolue dès les premiers jours du traitement. Il communique peu à peu avec ses frères, ses soeurs, ses amis, et commence à acquérir une véritable autonomie. Ses progrès sont spectaculaires : il devient pas à pas &quot;un enfant presque comme les autres&quot;. Avec courage et détermination, Gersende et Francis Perrin redonnent espoir aux parents et montrent que l'autisme n'est pas une fatalité.</subfield><subfield code="5">RERO/vdgla-/04.2015</subfield></datafield><datafield ind1=" " ind2="7" tag="650"><subfield code="a">Autisme</subfield><subfield code="0">(IDREF)027220451</subfield><subfield code="2">idref</subfield></datafield><datafield ind1=" " ind2="7" tag="650"><subfield code="a">Enfants autistes</subfield><subfield code="0">(IDREF)028176103</subfield><subfield code="2">idref</subfield></datafield><datafield ind1=" " ind2="7" tag="650"><subfield code="a">Troubles du comportement</subfield><subfield code="0">(IDREF)034237410</subfield><subfield code="2">idref</subfield></datafield><datafield ind1=" " ind2="7" tag="650"><subfield code="a">Éducation spéciale</subfield><subfield code="0">(IDREF)04865163X</subfield><subfield code="2">idref</subfield></datafield><datafield ind1=" " ind2="7" tag="655"><subfield code="a">Récits personnels</subfield><subfield code="0">(IDREF)027805441</subfield><subfield code="2">idref</subfield></datafield><datafield ind1=" " ind2="7" tag="655"><subfield code="a">[document]</subfield><subfield code="2">rerovoc</subfield><subfield code="0">(RERO)A010182398</subfield></datafield><datafield ind1="1" ind2=" " tag="700"><subfield code="a">Perrin, Francis</subfield><subfield code="c">réalisateur</subfield><subfield code="d">1947-....</subfield><subfield code="0">(IDREF)03178206X</subfield></datafield><datafield ind1=" " ind2=" " tag="900"><subfield code="a">REROnoselfmerge</subfield></datafield></record>
</metadata></record><record><header status="deleted"><identifier>oai:alma.41SLSP_UGE:991000795049705502</identifier><datestamp>2023-10-20T01:33:23Z</datestamp><setSpec>uge_bcen_RapidILL_BOOK</setSpec><setSpec>uge_aaca_RapidILL_BOOK</setSpec><setSpec>uge_abels_RapidILL_BOOK</setSpec><setSpec>uge_dbu_RapidILL_BOOK</setSpec><setSpec>uge_cmu_RapidILL_BOOK</setSpec><setSpec>uge_mail_RapidILL_BOOK</setSpec><setSpec>uge_abbat_RapidILL_BOOK</setSpec><setSpec>UNIGE_ALL</setSpec><setSpec>uge_aobs_RapidILL_BOOK</setSpec><setSpec>uge_acar_RapidILL_BOOK</setSpec></header></record>