<record><header><identifier>oai:alma.41SLSP_UGE:991000794429705502</identifier><datestamp>2024-10-17T00:10:19Z</datestamp><setSpec>uge_bcen_RapidILL_BOOK</setSpec><setSpec>uge_aaca_RapidILL_BOOK</setSpec><setSpec>uge_abels_RapidILL_BOOK</setSpec><setSpec>uge_dbu_RapidILL_BOOK</setSpec><setSpec>uge_cmu_RapidILL_BOOK</setSpec><setSpec>uge_mail_RapidILL_BOOK</setSpec><setSpec>uge_abbat_RapidILL_BOOK</setSpec><setSpec>UNIGE_ALL</setSpec><setSpec>uge_aobs_RapidILL_BOOK</setSpec><setSpec>uge_acar_RapidILL_BOOK</setSpec></header><metadata>
<record xmlns="http://www.loc.gov/MARC21/slim" xmlns:xsi="http://www.w3.org/2001/XMLSchema-instance" xsi:schemaLocation="http://www.loc.gov/MARC21/slim http://www.loc.gov/standards/marcxml/schema/MARC21slim.xsd"><leader>01802nam a2200481 ca4500</leader><controlfield tag="001">991000794429705502</controlfield><controlfield tag="005">20241016201644.0</controlfield><controlfield tag="008">201011s1996    xxu||||| |||| 00| ||eng d</controlfield><datafield ind1=" " ind2=" " tag="020"><subfield code="a">1555810845</subfield></datafield><datafield ind1=" " ind2=" " tag="020"><subfield code="z">01</subfield><subfield code="q">55581 084 5 Gesamtwerk</subfield></datafield><datafield ind1="7" ind2=" " tag="024"><subfield code="a">http://catalogue.bnf.fr/ark:/12148/cb37519718k</subfield><subfield code="2">uri</subfield></datafield><datafield ind1=" " ind2=" " tag="035"><subfield code="a">(swissbib)211341258-41slsp_network</subfield></datafield><datafield ind1=" " ind2=" " tag="035"><subfield code="a">211341258</subfield><subfield code="9">ExL</subfield></datafield><datafield ind1=" " ind2=" " tag="035"><subfield code="a">(RERO)R004098071-41slsp</subfield></datafield><datafield ind1=" " ind2=" " tag="035"><subfield code="a">(IDSBB)001325076DSV01</subfield></datafield><datafield ind1=" " ind2=" " tag="035"><subfield code="a">(NEBIS)007969681EBI01</subfield></datafield><datafield ind1=" " ind2=" " tag="035"><subfield code="a">(EXLNZ-41SLSP_NETWORK)991157680389705501</subfield></datafield><datafield ind1=" " ind2=" " tag="040"><subfield code="a">RERO lausbi</subfield><subfield code="d">CH-ZuSLS</subfield></datafield><datafield ind1=" " ind2="7" tag="072"><subfield code="a">bi</subfield><subfield code="2">rero</subfield></datafield><datafield ind1=" " ind2="7" tag="072"><subfield code="a">bi</subfield><subfield code="2">SzZuIDS BS/BE</subfield></datafield><datafield ind1="1" ind2="4" tag="082"><subfield code="a">570</subfield><subfield code="2">15</subfield></datafield><datafield ind1=" " ind2=" " tag="084"><subfield code="a">WD 4150</subfield><subfield code="2">rvk</subfield></datafield><datafield ind1=" " ind2=" " tag="084"><subfield code="a">WF 7250</subfield><subfield code="2">rvk</subfield></datafield><datafield ind1=" " ind2=" " tag="084"><subfield code="a">XD 5000</subfield><subfield code="2">rvk</subfield></datafield><datafield ind1="0" ind2="0" tag="245"><subfield code="a">Escherichia coli and Salmonella</subfield><subfield code="b">cellular and molecular biology</subfield><subfield code="c">ed. in chief Frederick C. Neidhardt ; ed. Roy Curtiss III ... [et al.]</subfield></datafield><datafield ind1=" " ind2=" " tag="250"><subfield code="a">2nd ed.</subfield></datafield><datafield ind1=" " ind2="1" tag="264"><subfield code="a">Washington D.C.</subfield><subfield code="b">American Society for Microbiology</subfield><subfield code="c">[1996]</subfield></datafield><datafield ind1=" " ind2="4" tag="264"><subfield code="c">© 1996</subfield></datafield><datafield ind1=" " ind2=" " tag="300"><subfield code="a">2 Bde. (XXX, 2822, LXXVII S.)</subfield><subfield code="b">Ill.</subfield><subfield code="c">28 cm</subfield></datafield><datafield ind1=" " ind2=" " tag="336"><subfield code="b">txt</subfield><subfield code="2">rdacontent</subfield></datafield><datafield ind1=" " ind2=" " tag="337"><subfield code="b">n</subfield><subfield code="2">rdamedia</subfield></datafield><datafield ind1=" " ind2=" " tag="338"><subfield code="b">nc</subfield><subfield code="2">rdacarrier</subfield></datafield><datafield ind1=" " ind2=" " tag="500"><subfield code="a">La 1ère éd. porte le titre : Escherichia coli and Salmonella typhimurium</subfield></datafield><datafield ind1=" " ind2="7" tag="650"><subfield code="a">Escherichia coli</subfield><subfield code="0">(IDREF)029979617</subfield><subfield code="2">idref</subfield></datafield><datafield ind1=" " ind2="7" tag="650"><subfield code="a">Salmonelles</subfield><subfield code="0">(IDREF)028150422</subfield><subfield code="2">idref</subfield></datafield><datafield ind1=" " ind2="7" tag="650"><subfield code="a">Cytologie</subfield><subfield code="0">(IDREF)027314626</subfield><subfield code="2">idref</subfield></datafield><datafield ind1=" " ind2="7" tag="650"><subfield code="a">Biologie moléculaire</subfield><subfield code="0">(IDREF)027221369</subfield><subfield code="2">idref</subfield></datafield><datafield ind1=" " ind2="2" tag="650"><subfield code="a">Escherichia coli</subfield><subfield code="0">(DNLM)D004926</subfield></datafield><datafield ind1=" " ind2="7" tag="655"><subfield code="a">[Études diverses]</subfield><subfield code="0">(RERO)A022249905</subfield><subfield code="2">rero</subfield></datafield><datafield ind1=" " ind2=" " tag="690"><subfield code="a">577.2</subfield><subfield code="d">Molekularbiologie</subfield><subfield code="2">uzb-UE</subfield></datafield><datafield ind1=" " ind2=" " tag="690"><subfield code="a">579.22</subfield><subfield code="d">Biochemie und Physiologie (Mikroorganismen)</subfield><subfield code="2">uzb-UE</subfield></datafield><datafield ind1="1" ind2=" " tag="700"><subfield code="a">Curtiss, Roy</subfield><subfield code="0">(RERO)A023216760</subfield></datafield><datafield ind1="1" ind2=" " tag="700"><subfield code="a">Neidhardt, Frederick Carl</subfield><subfield code="0">(RERO)A003634097</subfield></datafield><datafield ind1=" " ind2=" " tag="900"><subfield code="a">REROnoselfmerge</subfield></datafield></record>
</metadata></record>