<record><header><identifier>oai:alma.41SLSP_UGE:991000794569705502</identifier><datestamp>2024-09-21T00:20:33Z</datestamp><setSpec>uge_bcen_RapidILL_BOOK</setSpec><setSpec>uge_aaca_RapidILL_BOOK</setSpec><setSpec>uge_abels_RapidILL_BOOK</setSpec><setSpec>uge_dbu_RapidILL_BOOK</setSpec><setSpec>uge_cmu_RapidILL_BOOK</setSpec><setSpec>uge_mail_RapidILL_BOOK</setSpec><setSpec>uge_abbat_RapidILL_BOOK</setSpec><setSpec>UNIGE_ALL</setSpec><setSpec>uge_acar_RapidILL_BOOK</setSpec><setSpec>uge_aobs_RapidILL_BOOK</setSpec></header><metadata>
<record xmlns="http://www.loc.gov/MARC21/slim" xmlns:xsi="http://www.w3.org/2001/XMLSchema-instance" xsi:schemaLocation="http://www.loc.gov/MARC21/slim http://www.loc.gov/standards/marcxml/schema/MARC21slim.xsd"><leader>01989nam a2200517uc 4500</leader><controlfield tag="001">991000794569705502</controlfield><controlfield tag="005">20240920193826.0</controlfield><controlfield tag="008">201012s1976    xxu||||| |||| 00| ||eng d</controlfield><datafield ind1=" " ind2=" " tag="020"><subfield code="a">0683035711</subfield></datafield><datafield ind1="7" ind2=" " tag="024"><subfield code="a">http://catalogue.bnf.fr/ark:/12148/cb37384151n</subfield><subfield code="2">uri</subfield></datafield><datafield ind1=" " ind2=" " tag="035"><subfield code="a">(swissbib)235822078-41slsp_network</subfield></datafield><datafield ind1=" " ind2=" " tag="035"><subfield code="a">235822078</subfield><subfield code="9">ExL</subfield></datafield><datafield ind1=" " ind2=" " tag="035"><subfield code="a">(IDSBB)000043372DSV01</subfield></datafield><datafield ind1=" " ind2=" " tag="035"><subfield code="a">(NEBIS)000646425EBI01</subfield></datafield><datafield ind1=" " ind2=" " tag="035"><subfield code="a">(RERO)0383290-41slsp</subfield></datafield><datafield ind1=" " ind2=" " tag="035"><subfield code="a">(EXLNZ-41SLSP_NETWORK)991078349409705501</subfield></datafield><datafield ind1=" " ind2=" " tag="040"><subfield code="a">SzZuIDS BS/BE</subfield><subfield code="b">ger</subfield><subfield code="e">kids</subfield><subfield code="d">CH-ZuSLS</subfield></datafield><datafield ind1=" " ind2="7" tag="072"><subfield code="a">me</subfield><subfield code="2">SzZuIDS BS/BE</subfield></datafield><datafield ind1=" " ind2="7" tag="072"><subfield code="a">me</subfield><subfield code="2">rero</subfield></datafield><datafield ind1="0" ind2="4" tag="082"><subfield code="a">599.0108</subfield><subfield code="b">H191, Sect.7</subfield></datafield><datafield ind1="0" ind2="4" tag="082"><subfield code="a">612</subfield></datafield><datafield ind1="1" ind2="4" tag="082"><subfield code="a">573.47</subfield><subfield code="2">22</subfield></datafield><datafield ind1="1" ind2="4" tag="082"><subfield code="a">612.44</subfield><subfield code="2">22</subfield></datafield><datafield ind1="1" ind2="4" tag="082"><subfield code="a">610</subfield><subfield code="2">15</subfield></datafield><datafield ind1="0" ind2="0" tag="245"><subfield code="a">Parathyroid gland</subfield><subfield code="c">eds.: Gerald D. Aurbach, Stephen R. Geiger</subfield></datafield><datafield ind1=" " ind2="1" tag="264"><subfield code="a">Washington (D.C.)</subfield><subfield code="b">American Physiological Society</subfield><subfield code="c">1976</subfield></datafield><datafield ind1=" " ind2=" " tag="300"><subfield code="a">XII, 480 S.</subfield><subfield code="c">29 cm</subfield><subfield code="b">Ill., z.T. farb.</subfield></datafield><datafield ind1=" " ind2=" " tag="336"><subfield code="b">txt</subfield><subfield code="2">rdacontent</subfield></datafield><datafield ind1=" " ind2=" " tag="337"><subfield code="b">n</subfield><subfield code="2">rdamedia</subfield></datafield><datafield ind1=" " ind2=" " tag="338"><subfield code="b">nc</subfield><subfield code="2">rdacarrier</subfield></datafield><datafield ind1="1" ind2=" " tag="490"><subfield code="a">Endocrinology</subfield><subfield code="v">vol. 7</subfield></datafield><datafield ind1="1" ind2=" " tag="490"><subfield code="a">Handbook of physiology</subfield><subfield code="v">sect. 7, vol. 7</subfield></datafield><datafield ind1=" " ind2="0" tag="650"><subfield code="a">Endocrine glands</subfield><subfield code="x">Physiology</subfield></datafield><datafield ind1=" " ind2="0" tag="650"><subfield code="a">Endocrinology</subfield></datafield><datafield ind1=" " ind2="0" tag="650"><subfield code="a">Parathyroid glands</subfield></datafield><datafield ind1=" " ind2="0" tag="650"><subfield code="a">Parathyroid glands</subfield><subfield code="x">Physiology</subfield></datafield><datafield ind1=" " ind2="7" tag="650"><subfield code="a">FACHLICHE NACHSCHLAGEWERKE + FACHLEXIKA + HANDBÜCHER (DOKUMENTENTYP)</subfield><subfield code="9">ger</subfield><subfield code="0">(ETHUDK)000009236</subfield><subfield code="2">ethudk</subfield></datafield><datafield ind1=" " ind2="7" tag="650"><subfield code="a">NEBENSCHILDDRÜSEN (ANATOMIE UND PHYSIOLOGIE)</subfield><subfield code="9">ger</subfield><subfield code="0">(ETHUDK)000026228</subfield><subfield code="2">ethudk</subfield></datafield><datafield ind1=" " ind2="7" tag="650"><subfield code="a">NEBENSCHILDDRÜSENHORMONE</subfield><subfield code="9">ger</subfield><subfield code="0">(ETHUDK)000022704</subfield><subfield code="2">ethudk</subfield></datafield><datafield ind1=" " ind2=" " tag="690"><subfield code="a">Nebenschilddrüse</subfield><subfield code="2">uzb-Z9</subfield></datafield><datafield ind1="1" ind2=" " tag="700"><subfield code="a">Aurbach, Gerald D.</subfield></datafield><datafield ind1="1" ind2=" " tag="700"><subfield code="a">Aurbach, Gerald D</subfield><subfield code="0">(IDREF)085803855</subfield></datafield><datafield ind1=" " ind2="0" tag="830"><subfield code="a">Handbook of physiology : a critical, comprehensive presentation of physiological knowledge and concepts</subfield><subfield code="v">7,7</subfield></datafield><datafield ind1=" " ind2=" " tag="830"><subfield code="a">Endocrinology</subfield><subfield code="v">7</subfield><subfield code="w">(NEBIS)000646346EBI01</subfield></datafield><datafield ind1=" " ind2=" " tag="830"><subfield code="a">Handbook of physiology</subfield><subfield code="v">7/7</subfield><subfield code="w">(IDSBB)000040380DSV01</subfield></datafield><datafield ind1=" " ind2=" " tag="900"><subfield code="a">IDSZ2zbzmon200306l</subfield><subfield code="c">IDSZ2veze</subfield></datafield><datafield ind1=" " ind2=" " tag="900"><subfield code="a">REROnoselfmerge</subfield></datafield></record>
</metadata></record>