<record><header><identifier>oai:alma.41SLSP_UGE:991000794989705502</identifier><datestamp>2024-03-15T01:22:09Z</datestamp><setSpec>uge_bcen_RapidILL_BOOK</setSpec><setSpec>uge_aaca_RapidILL_BOOK</setSpec><setSpec>uge_abels_RapidILL_BOOK</setSpec><setSpec>uge_dbu_RapidILL_BOOK</setSpec><setSpec>uge_cmu_RapidILL_BOOK</setSpec><setSpec>uge_mail_RapidILL_BOOK</setSpec><setSpec>uge_abbat_RapidILL_BOOK</setSpec><setSpec>UNIGE_ALL</setSpec><setSpec>uge_acar_RapidILL_BOOK</setSpec><setSpec>uge_aobs_RapidILL_BOOK</setSpec></header><metadata>
<record xmlns="http://www.loc.gov/MARC21/slim" xmlns:xsi="http://www.w3.org/2001/XMLSchema-instance" xsi:schemaLocation="http://www.loc.gov/MARC21/slim http://www.loc.gov/standards/marcxml/schema/MARC21slim.xsd"><leader>01727nam a2200373 c 4500</leader><controlfield tag="001">991000794989705502</controlfield><controlfield tag="005">20240314054040.0</controlfield><controlfield tag="008">000924s1719    sz ||||| |||| 00| ||fre d</controlfield><datafield ind1=" " ind2=" " tag="035"><subfield code="a">(swissbib)095900047-41slsp_network</subfield></datafield><datafield ind1=" " ind2=" " tag="035"><subfield code="a">095900047</subfield><subfield code="9">ExL</subfield></datafield><datafield ind1=" " ind2=" " tag="035"><subfield code="a">(RERO)R272582260-41slsp</subfield></datafield><datafield ind1=" " ind2=" " tag="035"><subfield code="a">(EXLNZ-41SLSP_NETWORK)991141987439705501</subfield></datafield><datafield ind1=" " ind2=" " tag="040"><subfield code="a">RERO frbcuc</subfield><subfield code="d">CH-ZuSLS</subfield></datafield><datafield ind1=" " ind2=" " tag="044"><subfield code="a">sz</subfield><subfield code="c">ch-fr</subfield></datafield><datafield ind1=" " ind2="7" tag="072"><subfield code="a">th</subfield><subfield code="2">rero</subfield></datafield><datafield ind1=" " ind2=" " tag="084"><subfield code="a">156.C.2</subfield><subfield code="2">brp</subfield></datafield><datafield ind1="1" ind2=" " tag="100"><subfield code="a">Archimbaud, Olympe-Magdeleine</subfield><subfield code="0">(RERO)A006071348</subfield><subfield code="4">aut</subfield></datafield><datafield ind1="1" ind2="0" tag="245"><subfield code="a">Exposition de la doctrine de l'Eglise catholique sur les matiéres de controverse, en forme de cantiques sur differens airs anciens &amp; [et] nouveaux</subfield><subfield code="c">Par une Genévoise nouvelle-convertie</subfield></datafield><datafield ind1=" " ind2="1" tag="264"><subfield code="a">A Frybourg [en Suisse]</subfield><subfield code="b">par Innocent Theodoric Hault</subfield><subfield code="c">1719</subfield></datafield><datafield ind1=" " ind2=" " tag="300"><subfield code="a">[38], 86 [recte : 87], [9] p.</subfield><subfield code="b">ill. de [1] f. de front. gravé</subfield><subfield code="c">8° (15 cm)</subfield></datafield><datafield ind1=" " ind2=" " tag="336"><subfield code="b">txt</subfield><subfield code="2">rdacontent</subfield></datafield><datafield ind1=" " ind2=" " tag="337"><subfield code="b">n</subfield><subfield code="2">rdamedia</subfield></datafield><datafield ind1=" " ind2=" " tag="338"><subfield code="b">nc</subfield><subfield code="2">rdacarrier</subfield></datafield><datafield ind1=" " ind2=" " tag="500"><subfield code="a">L'auteur est Olympe-Magdeleine Archimbaud</subfield></datafield><datafield ind1="4" ind2=" " tag="510"><subfield code="a">Bosson, A. - L'Atelier typographique de Fribourg. Bibliographie raisonnée des imprimés 1585-1816. - Fribourg : BCUF, 2009, n° 376</subfield></datafield><datafield ind1="1" ind2="7" tag="600"><subfield code="a">Archimbaud, Olympe-Magdeleine</subfield><subfield code="0">(RERO)A010044359</subfield><subfield code="2">rero</subfield></datafield><datafield ind1=" " ind2="7" tag="650"><subfield code="a">conversion (théologie)</subfield><subfield code="0">(RERO)A009979775</subfield><subfield code="2">rerovoc</subfield></datafield><datafield ind1=" " ind2="7" tag="650"><subfield code="a">Polémique</subfield><subfield code="0">(IDREF)050572504</subfield><subfield code="2">idref</subfield></datafield><datafield ind1=" " ind2="7" tag="650"><subfield code="a">Protestantisme</subfield><subfield code="0">(IDREF)027267318</subfield><subfield code="2">idref</subfield></datafield><datafield ind1=" " ind2="7" tag="650"><subfield code="a">Église catholique</subfield><subfield code="0">(IDREF)027266605</subfield><subfield code="2">idref</subfield></datafield><datafield ind1=" " ind2="7" tag="651"><subfield code="a">Genève (Suisse ; canton)</subfield><subfield code="0">(IDREF)030575257</subfield><subfield code="2">idref</subfield></datafield><datafield ind1=" " ind2="7" tag="655"><subfield code="a">[document]</subfield><subfield code="2">rerovoc</subfield><subfield code="0">(RERO)A010182398</subfield></datafield><datafield ind1="1" ind2=" " tag="700"><subfield code="a">Hault, Innocent Theodoric</subfield><subfield code="d">16..-17..</subfield><subfield code="0">(IDREF)243461348</subfield><subfield code="4">prt</subfield></datafield><datafield ind1=" " ind2=" " tag="751"><subfield code="a">Fribourg (Fribourg, Suisse)</subfield><subfield code="4">pup</subfield><subfield code="0">(IDREF)027526836</subfield></datafield><datafield ind1=" " ind2=" " tag="900"><subfield code="a">REROswissbibnomerge</subfield></datafield><datafield ind1=" " ind2=" " tag="993"><subfield code="a">MHR M Arc 1</subfield><subfield code="x">ge/mhr-/9755</subfield><subfield code="9">local</subfield></datafield></record>
</metadata></record>