<record><header><identifier>oai:alma.41SLSP_UGE:991000794779705502</identifier><datestamp>2023-03-01T01:10:04Z</datestamp><setSpec>uge_bcen_RapidILL_BOOK</setSpec><setSpec>uge_aaca_RapidILL_BOOK</setSpec><setSpec>uge_abels_RapidILL_BOOK</setSpec><setSpec>uge_dbu_RapidILL_BOOK</setSpec><setSpec>uge_cmu_RapidILL_BOOK</setSpec><setSpec>uge_mail_RapidILL_BOOK</setSpec><setSpec>uge_abbat_RapidILL_BOOK</setSpec><setSpec>UNIGE_ALL</setSpec><setSpec>uge_aobs_RapidILL_BOOK</setSpec><setSpec>uge_acar_RapidILL_BOOK</setSpec></header><metadata>
<record xmlns="http://www.loc.gov/MARC21/slim" xmlns:xsi="http://www.w3.org/2001/XMLSchema-instance" xsi:schemaLocation="http://www.loc.gov/MARC21/slim http://www.loc.gov/standards/marcxml/schema/MARC21slim.xsd"><leader>02255nam a2200529 c 4500</leader><controlfield tag="001">991000794779705502</controlfield><controlfield tag="005">20230228192609.0</controlfield><controlfield tag="008">201012s1997    gw ||||| |||| 10| ||ger d</controlfield><datafield ind1=" " ind2=" " tag="035"><subfield code="a">(swissbib)240067142-41slsp_network</subfield></datafield><datafield ind1=" " ind2=" " tag="035"><subfield code="a">240067142</subfield><subfield code="9">ExL</subfield></datafield><datafield ind1=" " ind2=" " tag="035"><subfield code="a">(RERO)R224136260-41slsp</subfield></datafield><datafield ind1=" " ind2=" " tag="035"><subfield code="a">(NEBIS)001838558EBI01</subfield></datafield><datafield ind1=" " ind2=" " tag="035"><subfield code="a">(IDSBB)004259970DSV01</subfield></datafield><datafield ind1=" " ind2=" " tag="035"><subfield code="a">(EXLNZ-41SLSP_NETWORK)991015886429705501</subfield></datafield><datafield ind1=" " ind2=" " tag="040"><subfield code="a">RERO geubfd</subfield><subfield code="d">CH-ZuSLS</subfield></datafield><datafield ind1=" " ind2="7" tag="072"><subfield code="a">dr</subfield><subfield code="2">rero</subfield></datafield><datafield ind1=" " ind2=" " tag="084"><subfield code="a">CA/D 90.3 e</subfield><subfield code="2">cjurrom</subfield></datafield><datafield ind1=" " ind2=" " tag="084"><subfield code="a">CA/D 89.5 e</subfield><subfield code="2">cjurrom</subfield></datafield><datafield ind1="0" ind2="0" tag="245"><subfield code="a">Organisierte Kriminalität</subfield><subfield code="b">Vorträge und Diskussionen bei der Arbeitstagung des Bundeskriminalamts vom 19. bis 22. November 1996</subfield><subfield code="c">[Redaktion : Robert Mischkowitz, Monika Plate, Heinrich Schielke] ; [Kriminalistisch-kriminologische Forschungsgruppe], Bundeskriminalamt Wiesbaden</subfield></datafield><datafield ind1="1" ind2=" " tag="246"><subfield code="a">BKA-Arbeitstagung 1996</subfield></datafield><datafield ind1=" " ind2="1" tag="264"><subfield code="a">Wiesbaden</subfield><subfield code="b">Bundeskriminalamt</subfield><subfield code="c">1997</subfield></datafield><datafield ind1=" " ind2=" " tag="300"><subfield code="a">340 S.</subfield><subfield code="c">21 cm</subfield></datafield><datafield ind1=" " ind2=" " tag="336"><subfield code="b">txt</subfield><subfield code="2">rdacontent</subfield></datafield><datafield ind1=" " ind2=" " tag="337"><subfield code="b">n</subfield><subfield code="2">rdamedia</subfield></datafield><datafield ind1=" " ind2=" " tag="338"><subfield code="b">nc</subfield><subfield code="2">rdacarrier</subfield></datafield><datafield ind1="1" ind2=" " tag="490"><subfield code="a">BKA-Forschungsreihe</subfield><subfield code="v">Bd. 43</subfield></datafield><datafield ind1=" " ind2=" " tag="500"><subfield code="a">Titre de couverture: BKA-Arbeitstagung 1996</subfield></datafield><datafield ind1=" " ind2=" " tag="500"><subfield code="a">Anlassort: Wiesbaden</subfield></datafield><datafield ind1=" " ind2=" " tag="504"><subfield code="a">Bibliogr.</subfield></datafield><datafield ind1=" " ind2="7" tag="650"><subfield code="a">Crime organisé</subfield><subfield code="0">(IDREF)028728068</subfield><subfield code="2">idref</subfield></datafield><datafield ind1=" " ind2="7" tag="650"><subfield code="a">Organisiertes Verbrechen</subfield><subfield code="2">idszbz</subfield></datafield><datafield ind1=" " ind2="4" tag="650"><subfield code="a">Bekämpfung</subfield></datafield><datafield ind1=" " ind2="4" tag="650"><subfield code="a">Organisiertes Verbrechen</subfield></datafield><datafield ind1=" " ind2="7" tag="651"><subfield code="a">Allemagne</subfield><subfield code="0">(IDREF)027218856</subfield><subfield code="2">idref</subfield></datafield><datafield ind1=" " ind2="7" tag="651"><subfield code="a">Deutschland</subfield><subfield code="2">idszbz</subfield></datafield><datafield ind1=" " ind2="7" tag="655"><subfield code="a">Actes de congrès</subfield><subfield code="0">(IDREF)02886431X</subfield><subfield code="2">idref</subfield></datafield><datafield ind1=" " ind2="7" tag="655"><subfield code="a">Aufsatzsammlung</subfield><subfield code="2">idszbz</subfield></datafield><datafield ind1=" " ind2="7" tag="655"><subfield code="a">Konferenzschrift</subfield><subfield code="z">Wiesbaden</subfield><subfield code="y">1996</subfield><subfield code="2">gnd-content</subfield></datafield><datafield ind1="1" ind2=" " tag="700"><subfield code="a">Mischkowitz, Robert</subfield><subfield code="0">(RERO)A003598498</subfield></datafield><datafield ind1="1" ind2=" " tag="700"><subfield code="a">Plate, Monika</subfield><subfield code="0">(RERO)A003699171</subfield></datafield><datafield ind1="1" ind2=" " tag="700"><subfield code="a">Schielke, Heinrich</subfield><subfield code="0">(RERO)A003796067</subfield></datafield><datafield ind1="2" ind2=" " tag="710"><subfield code="a">Deutschland</subfield><subfield code="b">Kriminalistisch-kriminologische Forschungsgruppe</subfield><subfield code="0">(RERO)A000050857</subfield></datafield><datafield ind1="2" ind2=" " tag="710"><subfield code="a">Deutschland</subfield><subfield code="b">Bundeskriminalamt</subfield><subfield code="b">Arbeitstagung</subfield><subfield code="d">1996</subfield><subfield code="c">Wiesbaden</subfield><subfield code="0">(RERO)A012381079</subfield><subfield code="6">880-06</subfield></datafield><datafield ind1="1" ind2=" " tag="880"><subfield code="a">Deutschland</subfield><subfield code="b">Bundeskriminalamt</subfield><subfield code="b">Arbeitstagung</subfield><subfield code="0">(DE-588)1086433475</subfield><subfield code="6">710-06</subfield></datafield><datafield ind1="2" ind2=" " tag="711"><subfield code="a">Deutschland</subfield><subfield code="e">Bundeskriminalamt</subfield><subfield code="e">Herbsttagung</subfield><subfield code="0">(DE-588)1092030158</subfield></datafield><datafield ind1=" " ind2=" " tag="830"><subfield code="a">BKA-Forschungsreihe</subfield><subfield code="v">43</subfield><subfield code="w">(RERO)0397127-41slsp</subfield></datafield><datafield ind1=" " ind2=" " tag="830"><subfield code="a">BKA-Forschungsreihe</subfield><subfield code="v">43</subfield><subfield code="w">(IDSBB)000469102DSV01</subfield></datafield><datafield ind1=" " ind2=" " tag="900"><subfield code="a">REROnoselfmerge</subfield></datafield></record>
</metadata></record>