<record><header><identifier>oai:alma.41SLSP_UGE:991000769859705502</identifier><datestamp>2023-06-26T00:14:20Z</datestamp><setSpec>UNIGE_ALL</setSpec></header><metadata>
<record xmlns="http://www.loc.gov/MARC21/slim" xmlns:xsi="http://www.w3.org/2001/XMLSchema-instance" xsi:schemaLocation="http://www.loc.gov/MARC21/slim http://www.loc.gov/standards/marcxml/schema/MARC21slim.xsd"><leader>01726ngm a2200385 c 4500</leader><controlfield tag="001">991000769859705502</controlfield><controlfield tag="005">20230625173302.0</controlfield><controlfield tag="007">vd |v||||</controlfield><controlfield tag="008">030604s2003    fr ||| |          v|fre d</controlfield><datafield ind1="4" ind2="2" tag="028"><subfield code="a">Z7 16272</subfield></datafield><datafield ind1=" " ind2=" " tag="035"><subfield code="a">(swissbib)099040948-41slsp_network</subfield></datafield><datafield ind1=" " ind2=" " tag="035"><subfield code="a">099040948</subfield><subfield code="9">ExL</subfield></datafield><datafield ind1=" " ind2=" " tag="035"><subfield code="a">(RERO)R003366822-41slsp</subfield></datafield><datafield ind1=" " ind2=" " tag="035"><subfield code="a">(EXLNZ-41SLSP_NETWORK)991041001959705501</subfield></datafield><datafield ind1=" " ind2=" " tag="040"><subfield code="a">RERO vsbcvs</subfield><subfield code="d">CH-ZuSLS</subfield></datafield><datafield ind1="1" ind2=" " tag="041"><subfield code="a">eng</subfield><subfield code="a">fre</subfield><subfield code="a">ita</subfield><subfield code="h">fre</subfield></datafield><datafield ind1=" " ind2="7" tag="072"><subfield code="a">ba</subfield><subfield code="2">rero</subfield></datafield><datafield ind1="0" ind2="0" tag="245"><subfield code="a">&lt;&lt;Un&gt;&gt; homme et une femme</subfield><subfield code="c">un film de Claude Lelouch ; musique de Francis Lai</subfield></datafield><datafield ind1=" " ind2="1" tag="264"><subfield code="a">[Paris]</subfield><subfield code="b">Warner Home Video</subfield><subfield code="c">[2003]</subfield></datafield><datafield ind1=" " ind2="4" tag="264"><subfield code="c">© 2003</subfield></datafield><datafield ind1=" " ind2=" " tag="300"><subfield code="a">1 DVD vidéo</subfield><subfield code="b">couleur PAL</subfield></datafield><datafield ind1=" " ind2=" " tag="336"><subfield code="b">tdi</subfield><subfield code="2">rdacontent</subfield></datafield><datafield ind1=" " ind2=" " tag="337"><subfield code="b">v</subfield><subfield code="2">rdamedia</subfield></datafield><datafield ind1=" " ind2=" " tag="338"><subfield code="b">vd</subfield><subfield code="2">rdacarrier</subfield></datafield><datafield ind1=" " ind2=" " tag="500"><subfield code="a">Une prod.: Les Films 13, cop. 1966, renouvelée 1994</subfield></datafield><datafield ind1=" " ind2=" " tag="500"><subfield code="a">Zone 2</subfield></datafield><datafield ind1=" " ind2=" " tag="500"><subfield code="a">Ecran 16:9 - format 1.85:1</subfield></datafield><datafield ind1=" " ind2=" " tag="500"><subfield code="a">Durée du film: 99 mn. env.</subfield></datafield><datafield ind1=" " ind2=" " tag="500"><subfield code="a">Choix de langues: Anglais, français, italien. Sous-titres: Français, anglais, italien, arabe, roumain, néerlandais, anglais pour malentendants, italien pour malentendants</subfield></datafield><datafield ind1="0" ind2=" " tag="511"><subfield code="a">Anouk Aimée ; Jean-Louis Trintignant ; Pierre Barouh ; Valérie Lefrange ... et al.</subfield></datafield><datafield ind1="8" ind2=" " tag="520"><subfield code="a">Synopsis: Une script-girl, inconsolable depuis la mort de son mari cascadeur, rencontre à Deauville un coureur automobile dont la femme s'est suicidée par désespoir. Ils s'aiment, se repoussent, se retrouvent et s'aiment encore</subfield><subfield code="5">RERO/vsbcvs/07.2014</subfield></datafield><datafield ind1="8" ind2=" " tag="520"><subfield code="a">Comédie dramatique</subfield><subfield code="5">RERO/vsbcvs/12.2015</subfield></datafield><datafield ind1=" " ind2="7" tag="655"><subfield code="a">DVD</subfield><subfield code="0">(IDREF)035108444</subfield><subfield code="2">idref</subfield></datafield><datafield ind1=" " ind2="7" tag="655"><subfield code="a">Films de fiction</subfield><subfield code="0">(IDREF)14779644X</subfield><subfield code="2">idref</subfield></datafield><datafield ind1="1" ind2=" " tag="700"><subfield code="a">Lelouch, Claude</subfield><subfield code="d">1937-....</subfield><subfield code="0">(IDREF)027558711</subfield></datafield><datafield ind1="1" ind2=" " tag="700"><subfield code="a">Lai, Francis</subfield><subfield code="d">1932-2018</subfield><subfield code="0">(IDREF)07853271X</subfield></datafield></record>
</metadata></record>