<record><header><identifier>oai:alma.41SLSP_UGE:991000794449705502</identifier><datestamp>2023-03-01T01:10:04Z</datestamp><setSpec>uge_bcen_RapidILL_BOOK</setSpec><setSpec>uge_aaca_RapidILL_BOOK</setSpec><setSpec>uge_abels_RapidILL_BOOK</setSpec><setSpec>uge_dbu_RapidILL_BOOK</setSpec><setSpec>uge_cmu_RapidILL_BOOK</setSpec><setSpec>uge_mail_RapidILL_BOOK</setSpec><setSpec>UNIGE_ALL</setSpec><setSpec>uge_abbat_RapidILL_BOOK</setSpec><setSpec>uge_aobs_RapidILL_BOOK</setSpec><setSpec>uge_acar_RapidILL_BOOK</setSpec></header><metadata>
<record xmlns="http://www.loc.gov/MARC21/slim" xmlns:xsi="http://www.w3.org/2001/XMLSchema-instance" xsi:schemaLocation="http://www.loc.gov/MARC21/slim http://www.loc.gov/standards/marcxml/schema/MARC21slim.xsd"><leader>01072nam a2200313uc 4500</leader><controlfield tag="001">991000794449705502</controlfield><controlfield tag="005">20201227170424.0</controlfield><controlfield tag="008">191108s2000    inu           000 0 eng d</controlfield><datafield ind1=" " ind2=" " tag="020"><subfield code="a">0872204723</subfield></datafield><datafield ind1=" " ind2=" " tag="020"><subfield code="a">0872204731</subfield></datafield><datafield ind1=" " ind2=" " tag="020"><subfield code="a">9780872204720</subfield></datafield><datafield ind1=" " ind2=" " tag="020"><subfield code="a">9780872204737</subfield></datafield><datafield ind1=" " ind2=" " tag="035"><subfield code="a">(swissbib)126082790-41slsp_network</subfield></datafield><datafield ind1=" " ind2=" " tag="035"><subfield code="a">126082790</subfield><subfield code="9">ExL</subfield></datafield><datafield ind1=" " ind2=" " tag="035"><subfield code="a">(RERO)R008984005-41slsp</subfield></datafield><datafield ind1=" " ind2=" " tag="035"><subfield code="a">(EXLNZ-41SLSP_NETWORK)991142508059705501</subfield></datafield><datafield ind1=" " ind2=" " tag="040"><subfield code="a">GWDNB</subfield><subfield code="b">ger</subfield><subfield code="e">rakwb</subfield><subfield code="d">CH-ZuSLS</subfield></datafield><datafield ind1="1" ind2=" " tag="041"><subfield code="a">eng</subfield><subfield code="h">ger</subfield></datafield><datafield ind1=" " ind2="7" tag="072"><subfield code="a">th</subfield><subfield code="2">rero</subfield></datafield><datafield ind1="1" ind2=" " tag="100"><subfield code="a">Rosenzweig, Franz</subfield><subfield code="0">(RERO)A003760977</subfield><subfield code="4">aut</subfield></datafield><datafield ind1="1" ind2="0" tag="245"><subfield code="a">Philosophical and theological writings</subfield><subfield code="c">Franz Rosenzweig. transl. and ed., with notes and commentary, by Paul W. Franks and Michael L. Morgan</subfield></datafield><datafield ind1=" " ind2="1" tag="264"><subfield code="a">Indianapolis</subfield><subfield code="b">Hackett</subfield><subfield code="c">2000</subfield></datafield><datafield ind1=" " ind2=" " tag="300"><subfield code="a">XII, 165 Seiten</subfield><subfield code="c">22 cm</subfield></datafield><datafield ind1=" " ind2=" " tag="336"><subfield code="b">txt</subfield><subfield code="2">rdacontent</subfield></datafield><datafield ind1=" " ind2=" " tag="337"><subfield code="b">n</subfield><subfield code="2">rdamedia</subfield></datafield><datafield ind1=" " ind2=" " tag="338"><subfield code="b">nc</subfield><subfield code="2">rdacarrier</subfield></datafield><datafield ind1=" " ind2=" " tag="500"><subfield code="a">Bibliogr. und Literaturverz. S. 153 - 158</subfield></datafield><datafield ind1="1" ind2=" " tag="700"><subfield code="a">Franks, Paul W.</subfield><subfield code="d">1964-</subfield><subfield code="4">edt</subfield></datafield><datafield ind1=" " ind2=" " tag="900"><subfield code="a">REROnoselfmerge</subfield></datafield><datafield ind1=" " ind2=" " tag="910"><subfield code="a">OCoLC</subfield><subfield code="b">20191108</subfield><subfield code="c">Réutilisation sous conditions: Licence ODC-BY</subfield></datafield></record>
</metadata></record><resumptionToken>1900-01-01@all@UNIGE_ALL@marc21@5986559960005502</resumptionToken></ListRecords></OAI-PMH>